2558 4094
155 227 230 302 uu]
541 225 648 283 noua
668 225 716 282 ιιι

589 424 671 498 ΠΠ.

156 556 199 624 Di
220 558 352 622 meliora
372 557 491 638 ferant,
513 576 573 620 neo
594 555 660 618 sint
680 554 838 619 insomnia
858 576 947 640 vera,

199 643 285 718 Quae
306 641 380 706 tulit
402 643 542 705 extrema
561 640 699 722 pessima
719 643 814 704 nocte
836 640 934 723 quies.

156 726 205 791 Ite
226 726 351 809 prooul,
374 746 490 789 vanum
510 723 687 807 falsumque
709 724 840 788 avertite
861 724 979 788 visum:

197 809 342 874 Desinite
363 809 399 872 in
418 808 512 872 nobis
534 829 683 890 quaerere
704 808 785 872 velle
806 807 911 872 fidem.

158 893 232 959 Divi
252 914 327 957 vera
347 895 493 974 monent,
515 895 665 957 venturae
686 892 798 955 nuntia
819 891 914 956 sortis
1096 901 1115 953 5

198 976 283 1041 Vera
304 979 436 1040 monent
456 976 567 1040 Tuscis
590 978 662 1039 exta
682 976 816 1060 probata
836 976 927 1040 viris:

156 1061 289 1126 Somnia
308 1061 415 1125 fallaci
436 1060 549 1124 ludunt
569 1061 736 1124 temeraria
755 1061 850 1124 noete

200 1144 244 1209 Et
264 1145 394 1228 pavidas
415 1147 538 1209 mentes
561 1144 642 1208 falsa
662 1145 773 1208 timere
795 1144 912 1208 iubent

156 1229 202 1294 Et
221 1233 331 1293 natum
351 1230 387 1293 in
408 1250 498 1294 ouras
519 1228 685 1291 hominum
706 1250 808 1313 genus
830 1228 937 1292 omina
957 1225 1063 1292 noetis

199 1312 295 1378 Farre
315 1313 370 1396 pio
391 1313 520 1397 placant
541 1315 573 1376 et
595 1313 726 1377 saliente
748 1312 836 1376 sale?
1082 1322 1116 1372 10

157 1398 214 1462 sea
233 1400 354 1480 tamen,
377 1399 591 1481 utcumquest‚
614 1397 679 1461 sive
700 1396 748 1460 illi
769 1419 843 1461 vera
864 1395 1002 1478 moneri,

199 1481 347 1546 Mendaoi
368 1502 480 1545 somno
503 1480 628 1545 credere
651 1481 716 1545 sive
738 1482 867 1564 volent,¹

157 1565 287 1631 Efficias
307 1585 407 1629 vanos
427 1565 531 1629 noetis
553 1564 674 1630 Lucina
693 1568 846 1629 tremores

202 1648 246 1713 nt
267 1649 385 1712 frustra
405 1648 587 1712 inmeritum
608 1649 807 1732 pertimuisse
828 1649 919 1731 velit,

158 1731 194 1798 Si
215 1754 286 1796 mea
306 1752 367 1796 neo
387 1733 473 1815 turpi
494 1753 584 1796 mens
607 1735 655 1797 est
676 1733 813 1796 obnoxia
833 1732 918 1796 facto
1083 1742 1116 1792 lo

200 1815 269 1881 Neo
289 1816 382 1880 laesit
402 1837 536 1900 magnos
557 1817 646 1899 inpia
666 1817 778 1901 lingua
799 1818 884 1881 deos.

158 1901 227 1965 Iam
248 1900 323 1966 Nox
344 1899 517 1965 aetherium
538 1901 640 1985 nigris
663 1921 791 1965 emensa
812 1900 974 1985 quadrigis

200 1985 355 2049 Mundum
377 1985 519 2049 caeruleo
541 1985 659 2049 laverat
680 2007 772 2049 amne
792 1988 895 2067 rotas,

157 2068 228 2134 Neo
248 2091 299 2133 me
321 2069 459 2154 sopierat
478 2069 581 2133 menti
602 2069 677 2134 deus
700 2070 787 2134 utilis
809 2090 936 2154 aegrae:

203 2151 339 2217 Somnus
362 2153 513 2218 sollicitas
536 2153 642 2218 deficit
663 2157 736 2218 ante
758 2153 878 2217 domos.
1082 2163 1115 2214 ιο

158 2235 316 2319 Tandem,
339 2258 410 2307 oum
429 2258 551 2301 summa
564 2237 711 2302 Phoebus
732 2237 896 2321 prospexit
911 2235 951 2300 ab
965 2236 1059 2318 Oeta,

201 2319 321 2384 Pressit
342 2321 522 2404 languentis
543 2321 663 2385 lumina
684 2343 754 2386 sera
775 2321 872 2404 quies

159 2402 223 2468 Hie
245 2403 369 2467 iuvenis¹
387 2406 475 2468 easta
495 2404 658 2468 redimitus
680 2408 823 2487 tempora
844 2405 932 2468 lauro

202 2487 265 2551 Est
285 2487 371 2551 visus
393 2491 503 2551 nostra
546 2508 641 2551 onere
663 2489 736 2552 sede
758 2487 879 2570 pedem.

159 2570 236 2637 Non
257 2571 313 2634 illo
336 2572 503 2655 quiequam
523 2510 693 2635 formosius
714 2573 780 2635 ulla
801 2573 942 2655 priorum

202 2656 316 2738 Aetas,
337 2655 470 2719 heroum
489 2676 549 2720 neo
569 2656 645 2719 tulit
665 2656 731 2719 ulla
752 2655 873 2720 domus.

160 2737 286 2804 Intonsi
309 2739 410 2803 crines
432 2740 530 2823 longa
550 2741 669 2804 cervice
690 2739 845 2823 fluebant,

203 2823 352 2887 Stillabat
372 2822 463 2907 Syrio
485 2827 606 2906 myrtea
626 2845 698 2889 rore
720 2845 819 2888 coma.

159 2905 288 2971 Candor
309 2911 391 2990 erat,
415 2908 538 2991 qualem
559 2909 697 2992 praefert
717 2908 852 2972 Latonia
872 2907 977 2991 Luna,

203 2989 247 3053 ut
267 2991 356 3055 eolor
376 2993 410 3056 in
430 2992 523 3056 niveo
546 3013 677 3074 corpore
697 2990 889 3076 purpureus,
1083 3003 1119 3054 so

160 3071 207 3138 Vt
227 3074 333 3138 iuveni
353 3076 491 3158 primurn
506 3077 601 3160 ‘virgo
624 3077 756 3140 deducta
777 3077 890 3139 marito

202 3157 348 3221 Inficitur
367 3161 492 3224 teneras
514 3180 568 3224 ore
589 3160 721 3224 rubente
742 3182 857 3244 genas,

159 3241 299 3306 Etcum
321 3245 494 3306 contexunt
514 3245 684 3308 amarantis
707 3245 779 3308 alba
800 3243 924 3326 puellae
977 3296 981 3302 .

203 3325 285 3390 Lilia
307 3328 338 3389 et
360 3329 511 3390 autumno
534 3328 667 3392 eandida
687 3329 771 3392 mala
791 3328 916 3393 rubent.

161 3408 230 3475 lrna
250 3408 415 3474 videbatur
436 3411 509 3474 talis
530 3411 672 3477 inludere
692 3413 793 3496 pallor
1086 3425 1119 3477 8⁶

202 3494 347 3580 Namque
368 3495 446 3559 haee
466 3495 500 3557 in
521 3496 623 3560 nitido
646 3517 776 3580 corpore
798 3498 893 3562 vestis
916 3500 990 3564 erat
