2558 4094
80 329 83 337 .
159 273 198 340 38

262 441 403 530 Insignis
425 443 510 508 clara
531 445 781 528 conspicuusque
802 444 911 528 domo,

189 526 286 590 sAut
306 529 342 592 ut
362 528 463 592 multa
483 528 547 593 mei
566 532 756 592 renovarent
776 529 887 615 iugera
906 528 989 593 tauri

261 611 305 676 Et
325 633 457 697 magnas
479 632 597 676 messes
617 615 702 676 terra
723 612 862 698 benigna
883 612 986 696 daret,

220 693 282 760 Sed
303 697 409 761 tecum
428 699 466 761 ut
485 696 600 780 longae
622 697 775 761 sociarem
795 696 913 782 gaudia
933 698 1016 761 vitae

261 779 361 864 Inque
382 782 438 843 tuo
461 779 588 844 caderet
607 783 718 844 nostra
739 783 866 846 senecta
887 780 973 864 sinu,

219 862 299 927 'Pam
322 885 394 927 cum
414 883 580 947 permenso
603 862 771 928 defunctus
792 868 935 949 tempore
957 864 1036 929 lueis

173 960 203 1008 10
259 946 372 1012 Nudus
394 947 531 1012 Lethaea
553 968 590 1012 co
615 970 682 1012 erer
703 949 749 1013 ire
770 949 861 1013 rate?
1087 948 1092 959 ’

217 1030 302 1096 Nam
322 1052 420 1115 grave
442 1032 517 1128 quid
525 969 661 1178 prodest
674 1032 799 1116 pondus
813 1032 893 1097 mihi
907 1032 1013 1097 divitis
1028 1033 1111 1117 auri,

260 1116 408 1197 Arvaque
430 1137 458 1179 s1
478 1115 524 1178 fin
546 1119 603 1181 ant
622 1117 756 1201 pinguia
776 1117 864 1181 mifle
885 1116 1007 1182 boves?

218 1196 339 1274 Quidve
362 1199 474 1263 domus
495 1200 625 1283 prodest
645 1197 793 1349 Phrggiis
815 1200 925 1264 innixa
946 1200 1112 1284 columnis,

259 1281 399 1346 Taenare
420 1283 486 1347 sive
506 1284 570 1347 tuis
609 1284 675 1348 sive
727 1287 831 1368 aryste
852 1284 930 1367 tuis,

171 1377 202 1427 15
216 1366 261 1430 Et
280 1387 413 1431 nemora
433 1367 468 1430 in
489 1333 635 1431 domiirus
656 1388 763 1432 sacros
784 1368 942 1433 imitantia
962 1368 1051 1433 lucos

260 1450 400 1513 Auratae
421 1471 461 1515 ue
482 1450 589 1514 trabes
610 1473 882 1537 marmoreumque
903 1452 1027 1516 solum?

220 1533 341 1609 Quidve
363 1471 595 1682 inqiirgthraeo
617 1534 735 1620 legitur
756 1558 835 1620 quae
856 1537 949 1600 litore
971 1535 1093 1601 coneha

262 1617 436 1701 Tinctaque
481 1617 589 1682 idonio
611 1620 729 1684 murice
750 1620 825 1684 lana
845 1621 946 1704 iuvat,

219 1700 263 1765 Et
283 1723 363 1787 quae
384 1704 546 1786 praeterea
566 1704 702 1786 populus
723 1704 884 1769 miratum?-
899 1706 934 1769 in
955 1704 1019 1769 illis

169 1798 203 1848 20
258 1784 428 1850 Invidiast:
450 1786 532 1850 falso
553 1787 690 1870 plurima
710 1788 823 1874 volgus
846 1792 939 1853 amat.

216 1869 293 1935 Non
314 1870 428 1954 opibus
449 1873 571 1934 mentes
592 1870 756 1936 hominum
777 1893 930 1956 curaeque
951 1872 1111 1936 levantur.

259 1953 344 2019 Nam
364 1953 505 2019 Fortuna
526 1976 582 2018 sua
603 1956 797 2040 temporale
822 1977 838 2020 e
859 1977 893 2019 re
920 1956 950 2019 't

218 2036 267 2102 Sit
286 2037 366 2100 mihi
386 2041 555 2122 paupertas
577 2041 682 2103 tecum
702 1978 852 2117 iucunda,
909 2060 1013 2103 eaera:

260 2122 306 2185 At
328 2122 395 2185 sine
417 2125 449 2186 te
470 2143 582 2207 regum
602 2143 734 2186 munera
753 2123 843 2186 nulla
862 2122 945 2186 volo.

169 2204 243 2270 250
265 2206 407 2289 niveam,
430 2226 508 2289 quae
529 2210 562 2270 te
582 2207 702 2290 poterit
722 2205 801 2270 mihi
822 2205 968 2290 reddere,
990 2207 1110 2272 lucem!

261 2288 287 2354 0
310 2289 389 2354 mihi
409 2289 536 2354 felicem
556 2293 666 2374 terque
688 2293 859 2374 quaterque
880 2289 978 2356 diem!

216 2374 326 2458 Atei,
348 2395 406 2458 pro
429 2374 513 2439 dulci
533 2374 636 2439 reditu
658 2395 870 2459 quaecumque
892 2379 1059 2458 voventur,

259 2458 379 2522 Audiat
399 2480 508 2523 aversa
527 2480 594 2522 non
615 2481 703 2524 meus
725 2482 799 2524 aure
821 2459 912 2543 deus,

217 2541 287 2607 Nee
308 2564 358 2606 me
379 2563 480 2627 regna
499 2542 611 2608 iuvant
630 2564 690 2609 nee
711 2543 829 2627 Lydius
851 2545 967 2608 aurifer
988 2542 1091 2606 amnis

170 2637 204 2687 so
258 2625 327 2691 Nec
349 2647 426 2722 quas
448 2630 600 2690 terrarum
623 2628 758 2691 sustinet
779 2628 865 2691 orbis
887 2648 972 2711 opes.

217 2708 306 2774 Haec
328 2710 382 2773 ahi
404 2711 546 2793 cupiant,
568 2711 661 2775 liceat
681 2711 760 2774 mihi
781 2732 918 2795 paupere
939 2709 1027 2773 cultu

261 2790 376 2857 Securo
399 2813 472 2855 cara
493 2793 627 2878 coniuge
647 2815 741 2877 posse
762 2795 835 2859 frui.

217 2873 314 2939 Adsis
336 2876 368 2938 et
388 2874 507 2938 timidis
528 2875 649 2960 faveas,
673 2877 833 2960 Saturnia,
855 2877 951 2960 votis,

259 2957 304 3022 Et
323 2957 429 3022 faveas
451 2956 585 3042 concha,
608 2958 739 3056 Cypria,
762 2963 853 3024 vecta
873 2963 937 3025 tua.

171 3055 203 3106 aa
216 3043 282 3108 Aut
303 3042 329 3106 si
349 3041 417 3105 fate
437 3045 557 3127 negant
577 3042 712 3108 redrtum
733 3044 901 3128 tristesque
923 3067 1061 3129 sorores,

261 3125 404 3191 Stamina
425 3147 504 3210 quae
526 3126 645 3192 ducunt
666 3149 806 3212 quaeque
826 3128 934 3193 futura
953 3135 1067 3214 neunt,

219 3209 272 3277 Me
292 3213 385 3275 vocet
404 3211 440 3274 in
461 3215 567 3276 vastos
589 3232 698 3276 amnes
718 3213 906 3298 nigramque
927 3215 1073 3298 paludem

260 3293 344 3362 Ditis
366 3295 406 3359 ab
428 3296 544 3381 ignava
563 3295 683 3361 luridus
706 3295 805 3362 Orcus
828 3319 918 3381 aqua.
