2558 4094
155 249 214 321 vr]
560 248 667 304 arnna
688 250 709 304 1.
1076 240 1114 306 13

155 410 348 494 Nescioquid
369 410 505 475 furtivus
528 432 617 475 amor
637 412 737 494 parat.
774 412 862 474 utere
884 430 1017 493 quaeso,
1082 420 1114 469 75

197 495 282 560 Dum
303 495 392 560 lieet:
414 495 449 559 in
470 495 590 578 liquida
610 497 667 558 nat
688 494 747 558 tibi
769 494 865 558 linter
887 515 977 567 adua

559 634 710 642 ..———..

605 725 666 800 VI.

156 849 303 934 Semper,
325 852 361 912 ut
381 847 523 931 inducar,
546 850 681 913 blandos
704 850 797 914 offers
819 847 898 912 mibi
919 849 1039 930 voltus,

197 935 276 998 Post
296 935 404 996 tamen
426 953 458 996 es
480 934 595 998 misero
617 934 718 999 tristis
740 936 773 999 et
793 954 901 1017 asper,
922 932 1031 996 Amor.

156 1017 239 1093 Quid
260 1017 321 1081 tibi
342 1017 492 1081 saevitiae
513 1018 689 1082 mecumst?
713 1040 754 1082 an
775 1017 880 1102 gloria
900 1019 1048 1101 magnast

197 1101 335 1165 Insidias
357 1100 480 1165 homini
502 1103 707 1185 conposuisse
729 1100 844 1166 deum?

156 1184 225 1249 iam
246 1184 324 1248 mihi
345 1184 518 1249 tenduntur
539 1207 658 1250 casses:
684 1186 748 1251 iam
769 1185 863 1250 Delia
883 1185 992 1248 furtim
1097 1192 1115 1244 5

199 1269 231 1334 N
233 1270 412 1352 escioquem
434 1269 532 1333 tacita
554 1270 668 1334 callida
688 1273 783 1334 nocte
804 1270 899 1334 fovet.

156 1352 217 1418 1111
237 1352 364 1437 quidem
385 1354 488 1417 iurata
508 1357 620 1440 negat,
643 1354 699 1418 sed
720 1355 848 1419 credere
869 1354 1030 1418 durumst:

198 1437 251 1503 Sic
273 1438 369 1502 etiam
391 1437 430 1502 de
451 1460 502 1502 me
523 1441 677 1524 pernegat
698 1460 797 1522 usque
817 1438 896 1502 viro.

157 1521 229 1606 Ipse
250 1522 347 1585 miser
369 1521 476 1604 docui,
499 1543 561 1606 quo
583 1525 693 1607 posset
713 1522 820 1588 ludere
841 1526 935 1606 pacto

198 1605 370 1672 Custodes:
391 1605 454 1669 heu
475 1605 538 1670 heu
559 1629 645 1671 nunc
666 1628 794 1691 premor
814 1609 881 1670 arte
902 1628 982 1670 mea.
1084 1615 1117 1666 10

156 1689 293 1774 Pingere
313 1692 391 1753 tunc
412 1689 523 1754 didicit
545 1712 670 1774 causas,
692 1694 728 1754 ut
749 1691 817 1755 sola
839 1690 981 1771 cubaret,

199 1773 334 1840 Cardine
356 1776 433 1837 tunc
454 1774 552 1838 tacito
575 1779 696 1839 vertere
716 1796 810 1858 posse
832 1775 932 1838 fores:

156 1856 246 1923 'lbrnc
267 1878 359 1922 sucos
380 1856 556 1940 herbasque
578 1858 664 1941 dedi,
687 1858 757 1942 quis
779 1859 861 1922 livor
882 1857 998 1940 abiret,

199 1941 299 2017 Quem
321 1941 400 2006 facit
420 1941 564 2025 inpresso
585 1947 696 2006 mutua
718 1942 811 2006 dente
833 1941 952 2006 Venus.

156 2027 202 2091 At
222 2029 272 2111 tu,
293 2025 417 2090 fallacis
439 2027 578 2091 coniunx
599 2028 725 2091 incaute
746 2027 887 2110 puellae,
1084 2034 1117 2086 15

198 2110 251 2175 Me
273 2132 397 2195 quoque
420 2114 560 2195 servato,
582 2114 693 2195 peccet
713 2113 750 2175 ut
770 2111 825 2176 illa
846 2110 937 2175 nihil.

155 2194 228 2259 Neu
249 2195 378 2259 iuvenes
401 2195 538 2260 celebret
558 2197 659 2260 multo
681 2217 840 2278 sermone,
864 2197 990 2278 caveto,

197 2277 286 2343 Neve
309 2278 403 2342 cubet
423 2280 495 2343 laxo
517 2283 627 2363 pectus
650 2283 758 2364 aperta
780 2280 866 2361 sinu,

156 2361 228 2426 Neu
249 2364 281 2425 te
304 2361 441 2444 decipiat
461 2366 555 2446 nutu,
578 2364 608 2427 di
636 2365 740 2447 'toque
762 2364 917 2447 liquorem

197 2445 248 2511 Ne
269 2444 376 2508 trahat
397 2449 431 2509 et
451 2467 579 2511 mensae
622 2452 696 2511 ucat
716 2447 752 2511 in
774 2447 849 2511 orbe
870 2448 974 2510 notas.
1082 2458 1116 2507 20

157 2528 272 2614 Saepe,
293 2529 381 2593 velut
400 2550 542 2613 gemmas
565 2531 632 2595 eius
654 2533 821 2616 signumve
841 2530 1026 2613 probarem,
1082 2542 1115 2590 15

198 2613 259 2678 Ρ11
281 2633 408 2678 causam
429 2614 560 2678 memini
581 2636 632 2677 me
653 2615 798 2698 tetigisse
819 2634 964 2678 manum:

156 2697 256 2782 Saepe
277 2718 364 2762 mero
387 2718 534 2761 somnum
555 2699 664 2782 peperi
684 2699 758 2782 tibi,
782 2701 815 2762 at
836 2698 904 2780 ipse
926 2697 1074 2762 bibebam

199 2782 312 2847 Sobria
333 2783 497 2866 supposita
518 2783 633 2866 pocula
653 2783 755 2847 victor
776 2804 866 2866 aqua.

155 2865 232 2932 Non
253 2887 313 2951 ego
335 2869 367 2930 te
389 2866 468 2930 laesi
488 2867 642 2950 prudens:
665 2868 677 2930 i
724 2888 797 2932 osce
817 2866 941 2931 fatenti.

198 2949 295 3015 Iussit
315 2952 430 3016 Amor:
454 2953 565 3016 contra
586 2952 656 3034 quis
691 2954 760 3016 erat
781 2973 869 3015 arma
891 2949 990 3015 deos?
1082 2961 1117 3012 ³0

156 3034 215 3099 Ille
237 3056 297 3120 ego
319 3057 403 3118 aum,
425 3057 485 3099 nec
506 3057 557 3100 mo
577 3035 641 3100 iam
664 3036 767 3100 dicere
788 3057 864 3100 vera
884 3034 1032 3119 pudebit,

198 3118 345 3183 instabat
365 3122 434 3184 tota
456 3120 507 3184 oui
527 3122 584 3184 tua
604 3123 698 3184 nocte
720 3121 818 3184 canis.

156 3202 266 3267 Exibit
287 3225 382 3287 quam
403 3225 512 3287 saepe,
533 3205 626 3287 time,
648 3225 704 3268 seu
725 3204 826 3268 visere
849 3203 933 3268 dicet
1082 3213 1116 3263 21
1147 3218 1150 3224 ·

200 3286 295 3352 Sacra
316 3288 418 3352 bonae
441 3288 580 3352 maribus
602 3309 669 3352 non
691 3287 834 3351 adeunda
857 3287 949 3366 deae,

501 3406 519 3445 8
746 3406 763 3442 ³3

623 3454 641 3493 8

160 3525 202 3588 At
222 3523 301 3589 mihi
323 3524 351 3590 si
374 3523 482 3609 cedas,
504 3525 592 3588 illam
615 3545 728 3611 sequar
748 3545 830 3588 unus
853 3523 892 3586 ad
914 3544 998 3589 arasr
