2558 4094
223 272 245 336 2
630 277 773 333 0111111
1155 275 1188 348 [1

330 441 461 507 Terreat
480 443 518 503 ut
538 462 631 506 saeva
651 441 733 504 falce
754 439 888 522 Priapus
910 461 993 504 aves.

242 539 272 587 13
286 525 330 590 Et
352 526 570 610 quodcumque
591 523 671 588 mibi
692 524 811 588 donum
824 545 926 587 novus
942 523 1055 588 educat
1075 545 1187 607 annus,

330 609 479 674 Libatum
500 609 672 694 agricolam
693 609 824 693 ponitur
845 611 919 671 ante
941 607 1044 671 deum.

241 707 272 755 19
288 693 355 759 Vos
376 715 515 778 quoque,
537 693 640 757 felicis
656 691 832 776 quondam,
854 713 940 755 nunc
954 692 1104 775 pauperis
1119 692 1188 777 agri

240 792 275 840 20
332 777 502 860 Oiutodes,
524 777 614 841 fertis
635 798 769 840 munera
790 780 909 859 vestra,
931 774 1039 840 Lares.

290 862 380 926 Func
401 862 501 926 vitula
522 861 706 925 innumeros
734 860 889 924 lustrabat
910 881 1002 924 caesa
1022 861 1188 924 iuvencos:

331 946 426 1010 Nunc
448 967 533 1030 agna
555 945 691 1030 exiguist
711 944 819 1008 hostia
838 966 937 1028 parva
958 944 1028 1008 soli.
1067 948 1069 953 '

290 1031 386 1115 Agna
408 1029 499 1095 cadet
519 1029 624 1109 vobis,
651 1050 746 1113 quam
767 1030 886 1093 circum
907 1029 1027 1092 rustica
1047 1028 1146 1112 pubes

334 1115 460 1179 Clamet
482 1113 529 1176 ‘io
552 1135 669 1178 messes
692 1117 724 1177 et
745 1113 829 1177 bona
850 1114 925 1176 vina
946 1112 1047 1177 date'.

242 1211 276 1260 ³5
290 1198 353 1262 Hic
375 1219 435 1282 ego
457 1201 678 1282 pastoremque
699 1219 805 1261 meum
826 1198 961 1260 lustrare
983 1197 1153 1280 quotannis

332 1282 377 1346 Et
398 1282 556 1366 placidam
578 1283 665 1346 soleo
688 1303 836 1366 spargere
857 1282 941 1345 lacte
962 1279 1083 1345 Palem.

291 1366 428 1448 Adsitis,
451 1365 531 1448 divi,
552 1387 612 1430 nec
633 1386 689 1429 vos
712 1365 750 1429 de
771 1387 909 1449 paupere
930 1386 1041 1428 mensa

334 1450 428 1514 Dona
448 1471 508 1514 nec
529 1472 546 1514 e
566 1451 653 1533 puris
676 1450 815 1532 spernite
836 1449 996 1514 fictilibus.

292 1534 419 1598 Fictilia
441 1535 589 1617 antiquus
611 1535 749 1616 primum
771 1533 832 1598 sibi
853 1534 931 1598 fecit
951 1533 1085 1617 agrestis

243 1631 278 1681 40
333 1618 466 1702 Pocula,
490 1618 528 1682 de
549 1618 636 1681 facili
659 1618 887 1702 conposuitque
908 1619 986 1683 luto.

292 1702 368 1768 Non
390 1724 449 1788 ego
473 1702 600 1766 divitias
622 1705 748 1787 patrum
769 1702 953 1786 fructusque
974 1703 1115 1786 requiro,

337 1787 423 1861 Quos
444 1787 520 1851 tulit
540 1787 670 1870 antiquo
693 1786 821 1851 condita
842 1787 953 1851 messis
975 1808 1049 1852 avo:

292 1870 395 1936 Parva
416 1893 507 1956 seges
530 1871 607 1935 satis
630 1874 693 1953 cst,
715 1872 792 1935 satis
811 1874 874 1955 cst,
896 1872 1091 1954 requiescere
1106 1871 1188 1934 11010

336 1955 370 2019 si
391 1955 466 2019 licet
487 1959 520 2019 et
541 1955 635 2020 solito
656 1957 799 2019 membra
820 1956 925 2019 levare
945 1958 1026 2018 toro.

234 2039 395 2113 «4511111111
416 2041 505 2103 iuvat
524 2039 652 2102 inmites
674 2043 786 2103 ventos
808 2038 915 2103 audire
938 2038 1107 2102 cubantem
1185 2047 1189 2053 '

335 2123 380 2186 Ilt
400 2122 562 2186 dominam
583 2124 693 2187 tenero
716 2122 888 2186 detinuisse
910 2122 983 2185 sinu

294 2208 376 2289 Aut,
398 2206 519 2290 gelidas
540 2206 692 2270 hibernus
714 2227 811 2289 aquas
833 2228 905 2270 cum
926 2205 1044 2273 fuderit
1057 2206 1189 2290 Auster,

337 2290 488 2355 Securum
510 2311 639 2355 somnos
660 2290 761 2354 imbre
782 2291 909 2354 iuvante
935 2289 1038 2374 sequi!

295 2375 366 2440 Hoc
386 2374 466 2438 mibi
488 2375 667 2459 contingatz
690 2375 732 2438 sit
753 2374 839 2439 dives
860 2375 947 2458 iure,
969 2375 1108 2439 furorem

245 2473 280 2523 50
336 2459 398 2536 Qui
418 2460 515 2523 maris
538 2463 570 2523 et
590 2459 698 2524 tristes
718 2460 802 2524 ferre
823 2463 930 2544 potest
950 2459 1083 2543 pluvias.

296 2544 323 2609 0
347 2547 531 2627 quantumst
552 2543 620 2607 auri
640 2544 747 2628 potius
768 2547 937 2628 pereatque
960 2543 1134 2629 smaragdi,

337 2629 439 2703 Quam
459 2629 535 2693 fleat
555 2628 596 2693 ob
617 2633 742 2693 nostras
763 2629 831 2692 ulla
851 2629 958 2712 puella
979 2630 1056 2692 vias.

295 2704 340 2776 Te
361 2713 479 2776 bellare
501 2713 591 2777 decet
611 2716 711 2795 terra,
734 2713 898 2795 Messalla,
920 2713 1076 2795 marique,

337 2795 382 2860 Vt
403 2795 514 2860 domus
535 2796 668 2860 hostiles
689 2796 848 2878 praeferat
870 2796 1010 2860 exuvias:

247 2893 280 2943 55
295 2879 348 2944 Me
369 2879 509 2943 retinent
529 2880 647 2943 victum
668 2880 826 2943 formosae
847 2880 952 2943 vincla
972 2880 1112 2964 puellae,

336 2964 382 3027 Et
403 2963 496 3027 sedeo
519 2962 612 3026 duras
634 2963 751 3026 ianitor
772 2966 845 3028 ante
867 2963 961 3028 fores.

296 3047 373 3114 Non
394 3068 453 3132 ego
476 3046 597 3111 laudari
620 3069 709 3129 curo,
731 3069 802 3112 mea
823 3047 930 3112 Delia:
951 3050 1056 3111 tecum

338 3131 424 3196 Dum
445 3130 538 3194 modo
562 3132 636 3214 sim,
659 3153 775 3215 quaeso
796 3133 903 3216 segnis
925 3132 1072 3215 inersque
1086 3154 1188 3199 vocer.

297 3216 341 3281 Tc
364 3219 519 3300 spectem,
542 3236 688 3298 suprema
708 3215 787 3279 mihi
809 3238 881 3280 cum
902 3215 1025 3280 venerit
1045 3217 1138 3301 bora,

248 3314 283 3363 10
338 3301 383 3365 'Fe
405 3304 531 3365 teneam
551 3300 689 3364 moriens
712 3299 876 3365 deficiente
897 3322 1003 3364 manu.

297 3384 403 3449 Flebis
425 3387 458 3448 11
478 3405 587 3449 arsuro
609 3384 749 3467 positum
770 3405 835 3468 me,
857 3384 965 3468 Delia,
987 3386 1085 3468 11110,

340 3468 496 3532 Tristibus
519 3472 551 3532 11
571 3468 709 3531 lacrimis
732 3469 839 3532 oscula
859 3470 960 3533 mixta
982 3470 1081 3533 dabis.

298 3551 419 3617 Flebis:
441 3574 508 3616 non
528 3555 583 3617 tua
605 3555 679 3616 sunt
700 3551 778 3617 duro
799 3555 983 3637 praecordia
1004 3554 1087 3617 ferro
