2558 4094
156 237 203 312 u]
563 236 670 293 anua
691 236 713 291 1

614 435 658 510 V.

159 569 262 653 Asper
285 590 370 632 eram
392 570 424 633 et
444 568 525 632 bene
547 567 714 632 discidium
728 589 779 631 1111
793 565 876 631 ferre
889 565 1056 651 loquebar:

199 654 245 717 At
265 653 345 716 mihi
366 673 452 716 nunc
472 652 570 737 longe
591 653 695 737 gloria
715 651 807 716 fortis
831 651 927 715 abest.

157 735 303 820 Namque
314 758 402 821 agor,
412 740 450 800 ut
450 758 516 883 (per
526 737 623 820 plana
634 736 715 800 citus
726 736 796 801 sola
807 735 937 799 verbere
947 734 1072 817 turben,

201 820 302 897 Quem
324 821 407 884 celer
430 842 449 883 a
471 825 559 884 sueta
580 823 686 885 versat
706 821 746 885 ab
768 823 836 884 arte
857 841 944 903 puer.

157 903 224 969 Vre
245 905 348 968 ferum
370 907 403 967 et
423 908 550 987 torque,
573 905 672 969 libeat
692 926 734 968 111
755 905 860 968 dicere
881 903 1049 986 quicquam
1102 915 1117 962 o

202 987 407 1073 Magnificum
428 988 617 1071 posthaec:
639 987 769 1053 horrida
790 987 887 1052 verba
909 986 1011 1051 doma.

159 1071 258 1137 Parce
279 1075 401 1155 tamen,
423 1094 481 1155 per
501 1076 534 1137 te
554 1073 665 1137 furtivi
685 1072 814 1137 foedera
834 1071 925 1153 lecti,
994 1088 998 1095 ·

199 1155 261 1221 Per
283 1156 439 1221 Venerem
461 1178 577 1240 quaeso
600 1158 862 1241 conpositumque
888 1157 991 1239 caput

160 1239 221 1304 Ille
243 1262 318 1325 ego,
341 1263 413 1305 cum
433 1241 519 1305 tristi
540 1243 652 1306 morbo
674 1241 799 1306 defessa
819 1241 954 1320 iaceres,

201 1324 247 1389 Te
269 1325 357 1389 dicor
379 1327 461 1389 votis
484 1326 636 1409 eripuisse
657 1326 752 1407 meis,
1088 1334 1120 1384 ιο

113 1436 116 1444 ·
159 1407 293 1492 Ipseque
313 1412 346 1473 te
369 1410 487 1474 circum
508 1410 641 1474 lustravi
663 1411 782 1474 sulfure
803 1431 897 1494 puro,

202 1492 349 1558 Carmine
371 1515 442 1557 cum
463 1495 589 1579 magico
611 1494 840 1578 praecinuisset
862 1515 957 1558 anus:

163 1577 236 1661 Ipse
257 1578 424 1660 procuravi
443 1599 485 1642 111
506 1580 638 1662 possent
659 1600 752 1642 saeva
771 1599 887 1642 nocere

203 1660 349 1743 Somnia,
373 1665 422 1724 111
444 1664 552 1726 sancta
574 1661 793 1726 deveneranda
813 1662 913 1726 mola:

164 1743 236 1828 lpse
259 1765 318 1829 ego
340 1743 462 1808 velatus
483 1745 537 1809 filo
559 1746 739 1829 tunicisque
761 1745 873 1809 solutis
1089 1756 1120 1806 15

202 1827 287 1893 Vota
307 1849 422 1892 novem
444 1828 568 1893 Triviae
590 1833 684 1893 nocte
707 1828 820 1893 silente
842 1827 923 1893 dedi.

161 1913 277 1978 Omnia
296 1913 450 1998 persolvi:
471 1913 588 1978 fruitur
608 1935 695 1978 nunc
716 1913 796 1977 alter
819 1934 924 1976 amore
930 1959 941 1996 ‚

201 1997 246 2062 Et
289 1997 413 2062 recibus
434 1998 513 2062 felix
534 1999 634 2075 utitur
654 1999 708 2062 ille
730 1998 818 2063 meis.

160 2083 206 2145 At
226 2083 269 2145 m'
297 2083 304 2095 ’
327 2081 452 2146 felicem
472 2082 586 2166 vitam,
609 2083 637 2146 si
659 2083 746 2146 salva
766 2083 898 2165 fuisses,

204 2164 379 2249 Fingebam
401 2167 546 2250 demens,
571 2167 627 2231 sed
648 2171 802 2232 renuente
824 2167 892 2230 deo.
1088 2178 1122 2228 20

161 2246 248 2312 Rura
269 2250 385 2331 colam,
408 2250 596 2335 frugumque
619 2251 721 2316 aderit
741 2273 811 2315 mea
824 2250 919 2314 Delia
941 2251 1061 2333 custos,

205 2332 291 2394 Area
313 2331 388 2395 dum
409 2355 527 2398 messes
549 2334 616 2398 sole
639 2335 761 2399 calente
782 2338 879 2415 teret,

162 2415 229 2478 Aut
250 2413 328 2478 mihi
351 2416 488 2480 servabit
509 2417 612 2500 plenis
634 2419 669 2481 in
690 2418 838 2482 lintribus
861 2438 938 2481 uvas

204 2498 378 2582 Pressaque
399 2500 501 2562 veloci
523 2500 656 2564 candida
677 2505 782 2564 musta
802 2501 898 2584 pede,

163 2582 357 2649 Consuescet
377 2605 543 2647 numerare
564 2606 676 2667 pecus,
703 2587 889 2648 consuescet
910 2584 1045 2648 amantis
1088 2597 1121 2648 25

205 2666 357 2732 Garrulus
378 2669 413 2731 in
435 2667 581 2732 dominae
603 2668 710 2732 ludere
732 2690 830 2732 verna
852 2669 933 2732 sinu.

162 2750 225 2815 llla
246 2752 305 2817 deo
328 2753 407 2816 sciet
428 2752 586 2835 agricolae
607 2774 665 2836 pro
688 2752 804 2816 vitibus
826 2775 934 2833 uvam,

204 2835 267 2900 Pro
290 2840 397 2921 segete
420 2837 539 2921 spicas,
561 2859 619 2921 pro
641 2859 739 2921 grege
760 2837 845 2902 ferre
867 2837 989 2921 dapem.

162 2918 223 2983 Illa
243 2924 336 3005 regat
357 2925 488 2985 cunctos
494 2971 503 3003 ,
525 2921 574 2984 illi
596 2921 661 2985 sint
682 2922 790 2985 omnia
811 2943 920 2986 curae:

205 3007 251 3068 At
271 3005 358 3069 iuvet
378 3006 413 3068 in
434 3008 502 3069 tota
522 3027 573 3069 me
594 3005 676 3069 nihil
698 3027 767 3071 esse
789 3005 893 3071 domo.
1089 3015 1123 3066 ³⁰

162 3085 234 3152 Huc
255 3089 362 3152 veniet
382 3089 531 3153 Messalla
552 3111 656 3172 meus,
679 3090 730 3153 cui
752 3089 856 3154 dulcia
876 3111 972 3173 poma

204 3170 297 3235 Delia
318 3173 443 3237 selectis
466 3172 612 3238 1111111111
633 3173 814 3237 arboribus:

162 3253 207 3320 Et
227 3259 351 3320 tantum
372 3260 523 3321 venerata
543 3258 662 3340 11111111,ο
681 3257 767 3321 hunc
788 3256 897 3322 sedula
919 3259 1021 3339 curet,

204 3338 289 3404 Huic
332 3343 514 3424 arctatque
538 3341 645 3423 epulas
667 3340 737 3424 ipsa
757 3340 902 3404 ministra
947 3346 1023 3405 erat.

163 3420 251 3490 Haec
261 3362 340 3487 miii
351 3424 522 3509 fingebam,
535 3445 616 3507 quae
629 3445 715 3488 nunc
725 3423 890 3519 Eurusque
935 3427 1068 3509 otusque
1089 3435 1121 3487 aa

205 3507 307 3572 Iactat
329 3507 476 3573 odoratos
499 3512 572 3572 vota
592 3530 650 3592 per
670 3507 849 3573 Armenios
