2558 4094
163 269 206 337 52
568 272 711 328 'l'lBVLLI
1066 272 1128 343 [ΙΙΙ.

227 436 348 515 Quidve
369 436 458 501 iuvat
478 434 589 499 furtim
611 436 747 500 latebras
769 434 886 499 intrare
907 434 1046 499 ferarum

182 536 215 586 ιο
273 521 477 605 Candidaque
497 519 634 584 hamatis
658 541 748 584 erma
769 522 879 583 notare
900 518 1012 583 rubis?

230 605 292 672 Sed
313 609 435 688 tamen,
457 607 494 669 ut
514 607 619 668 tecum
641 603 749 687 liceat,
771 602 937 685 Oerintbe,
959 603 1069 687 vagari
1076 650 1086 685 ,

272 690 347 775 Ipsa
369 709 429 774 ego
474 711 508 753 er
529 690 655 752 montes
676 688 755 752 retia
775 690 860 751 torta
880 687 995 770 feram,

229 774 304 858 Ipsa
325 795 385 921 epo
407 711 526 837 velocis
548 793 697 855 quaeram
718 772 854 856 vestigia
875 772 960 836 cervi

271 858 314 923 Et
359 879 461 921 emam
484 857 578 921 celeri
598 856 702 920 ferrea
722 856 828 920 vincla
849 857 931 921 cani.

180 954 211 1006 1⁶
226 943 316 1007 Time
342 942 438 1024 mihi,
465 944 543 1005 tunc
569 941 717 1023 placeant
742 940 855 1022 silvae,
889 941 930 1023 si,
963 940 1018 1003 lux
1045 960 1126 1017 mea,

768 1027 874 1088 tecum

269 1112 398 1196 Arguat
419 1112 493 1174 ante
515 1110 600 1193 ipsas
624 1108 831 1173 concubuisse
852 1109 979 1194 plagas:

228 1195 318 1260 cumo
338 1195 446 1260 veniat
466 1194 542 1258 licet
562 1193 602 1257 ad
625 1215 744 1272 casses,
766 1193 904 1257 inlaesus
927 1193 1042 1276 abibit,

270 1279 320 1344 Ne
342 1278 476 1344 Veneris
499 1277 630 1360 cupidae
652 1277 767 1361 gaudia
788 1278 908 1359 turbet,
930 1286 1014 1361 aper.

230 1362 326 1428 Nunc
348 1364 416 1426 sine
438 1383 489 1425 me
511 1362 554 1425 sit
574 1362 663 1425 nulla
676 1360 801 1445 Venus,
824 1361 880 1425 scd
901 1362 972 1446 lege
994 1360 1127 1446 Dianae,

179 1461 213 1512 20
270 1445 364 1512 (laste
385 1468 480 1530 puer,
503 1448 590 1509 casta
609 1446 690 1509 retia
710 1448 807 1530 tange
829 1467 940 1509 manu:

228 1531 275 1596 Et
297 1551 511 1615 quaecumque
532 1549 604 1593 meo
626 1530 736 1593 furtim
758 1530 901 1614 subrepit
922 1530 1037 1612 amori,

274 1613 400 1680 Incidet
421 1616 455 1679 in
476 1634 584 1679 saevas
606 1613 783 1697 diripienda
804 1614 896 1679 feras.

231 1700 279 1764 At
300 1701 337 1762 tu
358 1698 494 1763 venandi
516 1698 655 1762 studium
677 1698 814 1762 concede
835 1699 975 1782 parenti,

269 1770 315 1848 Et
337 1783 420 1847 celer
441 1784 474 1846 in
496 1785 623 1847 nostros
645 1783 714 1866 ipse
735 1804 861 1847 recurre
883 1783 980 1847 sinus.

604 1997 686 2071 ΠΗ.

229 2118 302 2184 Huc
324 2120 398 2183 ades
421 2122 453 2182 et
473 2121 600 2182 tenerae
621 2120 748 2182 morbos
771 2118 893 2202 expelle
914 2121 1054 2204 puellae,

272 2203 344 2268 Huc
366 2203 456 2286 ades,
480 2203 608 2266 intonsa
629 2201 757 2266 Phoebe
779 2203 912 2286 superbe
933 2225 1032 2269 coma.

231 2287 333 2353 Crede
347 2286 441 2369 mihi,
461 2307 611 2370 propera:
634 2289 739 2351 necte
753 2287 831 2371 iam,
846 2286 991 2372 Phoebe,
1006 2287 1129 2373 pigebit

272 2372 444 2436 Formosae
466 2371 603 2435 medicas
626 2371 815 2455 adplicuisse
836 2393 958 2436 manus.

199 2455 332 2521 ollffice
353 2479 395 2520 ne
416 2457 533 2520 macies
554 2457 711 2540 pallentes
733 2459 866 2540 occupet
887 2460 988 2541 artus,

274 2540 346 2605 Neu
366 2543 458 2605 notet
479 2541 625 2605 informis
648 2539 781 2605 eandida
802 2541 944 2605 membra
965 2542 1068 2623 color,

231 2624 276 2689 Et
290 2624 508 2708 quodcumque
521 2626 629 2689 malist
644 2628 676 2689 et
697 2625 849 2708 quidquid
863 2625 954 2690 triste
968 2626 1127 2707 timemuS,

274 2708 315 2772 In
335 2710 468 2793 pelagus
490 2710 609 2794 rapidis
631 2709 744 2775 evehat
764 2710 866 2773 amnis
889 2710 987 2791 aquis.

234 2791 359 2874 Sancte,
381 2795 464 2876 veni,
486 2797 652 2876 tecumque
666 2795 759 2877 feras,
782 2793 970 2876 quicumque
990 2814 1128 2878 saporeS,

185 2888 217 2938 ιο
274 2875 471 2958 Quicumque
493 2879 525 2939 et
547 2881 658 2940 cantus
681 2898 814 2961 corpora
834 2878 919 2942 fessa
940 2878 1061 2943 levant:

233 2958 305 3024 Neu
327 2959 472 3022 iuvenem
493 2962 620 3042 torque,
642 2962 756 3024 metuit
778 2962 832 3044 qui
853 2963 919 3026 fata
940 2962 1064 3046 puellae

275 3042 422 3126 Votaque
443 3064 501 3128 pro
525 3044 653 3108 domina
674 3046 727 3109 vix
748 3048 944 3110 numeranda
964 3047 1049 3112 facit.

233 3126 398 3192 Interdum
416 3131 524 3211 vovet,
546 3129 719 3211 interdum,
742 3129 826 3212 quod
847 3132 998 3216 langueat
1018 3132 1088 3214 illa,

276 3211 363 3276 Dicit
384 3213 419 3276 in
441 3217 586 3277 aeternos
608 3234 720 3295 aspera
740 3216 836 3278 verba
858 3215 942 3280 deos.

186 3308 217 3358 15
232 3295 321 3361 Pone
341 3300 477 3380 metum,
500 3295 666 3363 Oerintbe:
689 3296 764 3361 deus
786 3320 853 3363 non
866 3300 964 3364 laedit
978 3303 1122 3365 amantes

276 3381 325 3445 Tu
346 3381 442 3446 modo
465 3403 589 3464 semper
610 3403 694 3446 ama:
717 3382 804 3445 salva
824 3384 931 3466 puella
951 3384 1050 3448 tibist.

185 3476 217 3524 21
233 3461 289 3528 Nil
311 3485 391 3548 opus
414 3469 462 3530 est
483 3467 574 3531 fietu:
596 3465 734 3530 lacrimis
756 3467 817 3531 erit
838 3467 942 3550 aptius
963 3467 1026 3549 uti,

186 3561 218 3610 22
277 3546 312 3613 Si
334 3550 459 3632 quando
483 3549 579 3614 fuerit
599 3550 721 3615 tristior
742 3551 797 3615 illa
818 3552 886 3615 tibi.
