2558 4094
155 321 175 386 4
432 289 435 293 ’
565 326 708 383 smvun
1066 324 1114 398 [n

216 490 279 555 Illa
299 491 367 555 viro
390 511 496 556 coram
516 494 613 554 nutus
635 490 779 555 conferre
800 489 948 573 loquaces

260 575 445 659 Blandaque
467 575 642 659 conpositis
664 574 779 639 abdere
800 574 897 638 verba
917 573 1011 638 notis.

217 658 287 725 Nec
302 660 395 724 docet
413 659 475 724 1100
490 680 615 742 omnes,
636 658 691 722 sed
711 679 790 742 quos
806 679 864 723 nee
879 658 995 722 inertia
1008 657 1113 721 tardat

259 743 328 809 Nec
349 746 437 808 vetat
459 744 593 808 obscura
614 763 744 827 surgere
765 745 859 806 nocte
880 743 986 806 timor.

216 827 268 892 En
290 849 349 912 ego
373 849 445 892 cum
465 827 604 891 tenebris
626 830 696 891 tota
717 848 816 911 vagor
837 826 950 890 anxius
971 825 1064 909 urbe,

170 1008 200 1057 25
214 995 284 1061 Nec
306 996 383 1061 sinit
404 1000 549 1061 occurrat
570 995 752 1080 quisquam,
775 996 829 1079 qui
851 1015 984 1078 corpora
1003 993 1089 1059 ferro

258 1080 413 1145 Vulnerat
434 1085 489 1144 aut
508 1082 600 1165 rapta
619 1080 759 1164 praemia
780 1083 866 1144 veste
888 1082 986 1163 petat.

216 1164 365 1248 Quisquis
388 1186 494 1229 amore
515 1167 655 1246 tenetur,
678 1166 730 1228 eat
752 1167 899 1247 tutusque
921 1183 1072 1247 sacerque

259 1249 423 1324 Qualibetz
445 1248 578 1312 insidias
599 1270 666 1312 non
687 1248 831 1313 timuisse
853 1248 951 1312 decet

216 1331 293 1397 Non
313 1332 392 1396 mihi
413 1333 505 1417 pigra
525 1335 642 1397 nocent
663 1332 815 1397 hibernae
836 1332 958 1416 frigora
978 1332 1099 1414 noctis,

169 1429 203 1478 eo
258 1416 335 1482 Non
355 1416 449 1500 mihi,
473 1438 544 1482 oum
565 1418 665 1480 multe
686 1416 804 1482 decidit
823 1417 925 1481 imber
946 1436 1035 1499 aque.

219 1500 295 1565 Non
316 1501 406 1565 labor
427 1500 480 1564 hic
501 1501 613 1584 laedit,
635 1505 755 1565 reseret
774 1500 869 1565 modo
890 1498 984 1564 Delie
1004 1501 1112 1584 postes

259 1584 304 1648 Et
325 1587 417 1649 vocet
438 1586 478 1648 ad
501 1584 593 1670 digiti
615 1607 666 1649 me
686 1586 846 1650 taciturna
867 1606 989 1649 sonum.

217 1667 342 1733 Parcite
364 1670 550 1751 luminibus,
574 1691 630 1734 seu
651 1670 700 1734 vir
721 1691 776 1734 seu
796 1669 917 1735 femina
937 1669 994 1732 fiat

261 1752 380 1818 Obvia:
403 1754 499 1818 celari
520 1755 588 1818 volt
609 1776 666 1818 sua
685 1753 771 1818 furta
791 1753 910 1818 Venus.

170 1849 203 1898 ss
217 1836 290 1902 Neu
305 1838 438 1922 strepitu
458 1841 572 1903 terrete
586 1839 716 1922 pedum,
738 1861 802 1903 neu
821 1838 961 1922 quaerite
980 1858 1111 1920 nomen,
1154 1860 1160 1873 ’

261 1920 333 1986 Neu
354 1944 453 2006 prope
474 1922 613 2008 fulgenti
633 1923 754 1986 lumina
775 1923 855 1986 ferte
877 1922 956 1987 face.

217 2004 323 2155 Siquis
345 2010 377 2069 et
397 2006 569 2089 inprudens
592 2007 763 2090 aspexerit,
776 2007 911 2104 'occulat
931 2007 986 2070 ille

217 2089 424 2238 1111111
426 2111 617 2271 {tidini
631 2093 1112 2271 suffindas,

168 2269 203 2318 so
257 2256 290 2320 Is
311 2257 468 2322 Venerem
491 2195 639 2322 11111110
662 2261 778 2323 sentret
800 2280 868 2323 esse
889 2259 979 2322 mari.

216 2340 286 2406 Nec
296 2345 405 2407 tamen
420 2342 495 2406 huic
505 2343 611 2407 credet
622 2345 760 2407 coniunx
775 2347 863 2424 tuus,
878 2346 915 2406 ut
927 2341 1007 2407 mihi
1017 2362 1112 2406 verax

260 2424 440 2491 Pollicitast
459 2428 582 2512 magico
606 2449 682 2513 saga
703 2428 890 2493 ministerio.

217 2508 311 2574 Hanc
333 2533 392 2596 ego
415 2512 453 2576 de
476 2513 563 2577 caelo
586 2512 752 2577 ducentem
773 2512 877 2576 sidera
896 2510 975 2594 vidi,

260 2593 416 2660 Fluminis
437 2596 516 2661 haee
536 2596 640 2681 rapidi
662 2597 800 2660 carmine
821 2596 918 2660 vertit
938 2597 1013 2678 iter,

169 2689 202 2738 ss
216 2676 305 2742 Haec
327 2683 423 2744 cantu
444 2681 598 2764 finditque
620 2682 728 2744 solum
744 2681 917 2764 Manesque
939 2678 1091 2763 sepulcris

257 2761 357 2826 Elicit
377 2769 410 2828 et
430 2764 538 2847 tepido
560 2764 693 2829 devocat
714 2786 787 2828 ossa
807 2786 904 2848 rogo:

217 2843 287 2909 Iam
308 2849 396 2911 tenet
416 2848 557 2911 infernas
579 2849 704 2932 magico
727 2848 862 2912 stridore
884 2850 1040 2930 catervas,

258 2929 327 2993 Iam
348 2930 436 2995 iubet
457 2932 620 3016 adspersas
642 2933 723 2996 lacte
744 2933 862 2998 referre
882 2931 1005 3016 pedem.

218 3011 299 3078 Cum
319 3014 412 3098 libet,
434 3015 512 3080 haec
532 3017 617 3080 tristi
639 3016 769 3101 depellit
793 3017 903 3081 nubila
925 3016 1027 3080 1111οε

168 3111 202 3160 50
258 3097 339 3163 (lum
361 3098 455 3182 libet,
478 3101 597 3164 aestivo
620 3105 774 3165 convocat
795 3101 871 3165 orbe
892 3101 991 3165 nives.

217 3181 292 3247 Sola
312 3186 420 3247 tenere
441 3185 540 3248 malas
561 3185 691 3248 Medeae
715 3184 829 3251 dicitur
849 3185 979 3268 herbas,

260 3266 335 3332 Sola
355 3266 440 3332 feros
456 3268 595 3333 Hecatae
616 3270 832 3352 perdomuisse
855 3291 959 3334 canes.

217 3349 307 3416 Haec
328 3351 408 3415 mihi
430 3353 598 3436 conposuit
620 3358 746 3436 cantus,
769 3354 839 3437 quis
853 3353 964 3419 fallere
985 3373 1111 3437 posses:

259 3433 321 3499 Ter
343 3457 436 3521 cane,
458 3440 507 3503 ter
528 3437 621 3503 dictis
644 3438 760 3522 despue
783 3439 984 3503 carminibus.

165 3531 201 3581 st
216 3518 275 3583 llle
295 3518 377 3582 nihil
397 3522 517 3605 poterit
537 3521 576 3586 de
597 3522 690 3587 nobis
712 3522 838 3589 credere
860 3522 1021 3605 cuiquam,

258 3603 335 3671 Non
356 3605 432 3689 sibi,
455 3607 483 3670 si
503 3607 538 3670 in
559 3607 649 3672 molli
670 3606 784 3672 viderit
804 3607 872 3692 ipse
893 3609 974 3669 1010.
