<?xml version="1.0" encoding="UTF-8"?>
<!DOCTYPE html PUBLIC "-//W3C//DTD XHTML 1.0 Transitional//EN"
    "http://www.w3.org/TR/xhtml1/DTD/xhtml1-transitional.dtd">
<html xmlns="http://www.w3.org/1999/xhtml" xml:lang="en" lang="en">
 <head>
  <title>
</title>
<meta http-equiv="Content-Type" content="text/html;charset=utf-8" />
  <meta name='ocr-system' content='tesseract 3.04.00' />
  <meta name='ocr-capabilities' content='ocr_page ocr_carea ocr_par ocr_line ocrx_word'/>
</head>
<body>
  <div class='ocr_page' id='page_1' title='image "albiitibvlli00tibugoog_0058.png"; bbox 0 0 2558 4094; ppageno 0'>
   <div class='ocr_carea' id='block_1_1' title="bbox 158 263 1122 341">
    <p class='ocr_par' dir='ltr' id='par_1_1' title="bbox 158 263 1122 341">
     <span class='ocr_line' id='line_1_1' title="bbox 158 263 1122 341; baseline -0.001 -12"><span class='ocrx_word' id='word_1_1' title='bbox 158 263 200 329; x_wconf 82' lang='lat'><strong>54</strong></span> <span class='ocrx_word' id='word_1_2' title='bbox 564 269 707 326; x_wconf 76' lang='lat' dir='ltr'><strong>naun</strong></span> <span class='ocrx_word' id='word_1_3' title='bbox 1060 270 1122 341; x_wconf 76' lang='lat' dir='ltr'><strong>[vu</strong></span> 
     </span>
    </p>
   </div>
   <div class='ocr_carea' id='block_1_2' title="bbox 175 432 1111 1758">
    <p class='ocr_par' dir='ltr' id='par_1_2' title="bbox 175 432 1111 1758">
     <span class='ocr_line' id='line_1_2' title="bbox 191 432 1082 517; baseline 0.006 -25"><span class='ocrx_word' id='word_1_4' title='bbox 191 432 283 496; x_wconf 72' lang='lat' dir='ltr'>allia</span> <span class='ocrx_word' id='word_1_5' title='bbox 304 433 430 516; x_wconf 87' lang='lat' dir='ltr'><strong>quidem</strong></span> <span class='ocrx_word' id='word_1_6' title='bbox 452 433 586 496; x_wconf 86' lang='lat' dir='ltr'>ornandi</span> <span class='ocrx_word' id='word_1_7' title='bbox 608 453 717 496; x_wconf 80' lang='lat' dir='ltr'><strong>causas</strong></span> <span class='ocrx_word' id='word_1_8' title='bbox 739 433 814 516; x_wconf 83' lang='lat' dir='ltr'><strong>tibi,</strong></span> <span class='ocrx_word' id='word_1_9' title='bbox 838 432 923 516; x_wconf 82' lang='lat' dir='ltr'>diva,</span> <span class='ocrx_word' id='word_1_10' title='bbox 944 432 1082 517; x_wconf 84' lang='lat' dir='ltr'>relegat:</span> 
     </span>
     <span class='ocr_line' id='line_1_3' title="bbox 264 516 971 601; baseline 0 -21"><span class='ocrx_word' id='word_1_11' title='bbox 264 516 326 581; x_wconf 82' lang='lat' dir='ltr'><strong>Est</strong></span> <span class='ocrx_word' id='word_1_12' title='bbox 345 521 468 599; x_wconf 87' lang='lat' dir='ltr'>tamen,</span> <span class='ocrx_word' id='word_1_13' title='bbox 491 517 613 581; x_wconf 90' lang='lat' dir='ltr'><strong>occulte</strong></span> <span class='ocrx_word' id='word_1_14' title='bbox 636 517 686 581; x_wconf 91' lang='lat' dir='ltr'><strong>cui</strong></span> <span class='ocrx_word' id='word_1_15' title='bbox 706 517 863 601; x_wconf 81' lang='lat' dir='ltr'><strong>placuisse</strong></span> <span class='ocrx_word' id='word_1_16' title='bbox 884 517 971 581; x_wconf 87' lang='lat' dir='ltr'>velit.</span> 
     </span>
     <span class='ocr_line' id='line_1_4' title="bbox 222 600 1084 684; baseline -0.001 -19"><span class='ocrx_word' id='word_1_17' title='bbox 222 601 268 665; x_wconf 88' lang='lat' dir='ltr'><strong>At</strong></span> <span class='ocrx_word' id='word_1_18' title='bbox 288 605 338 684; x_wconf 84' lang='lat' dir='ltr'><strong>tu,</strong></span> <span class='ocrx_word' id='word_1_19' title='bbox 361 604 486 683; x_wconf 82' lang='lat' dir='ltr'><strong>sancta,</strong></span> <span class='ocrx_word' id='word_1_20' title='bbox 508 601 595 684; x_wconf 86' lang='lat' dir='ltr'><strong>fave,</strong></span> <span class='ocrx_word' id='word_1_21' title='bbox 617 601 751 684; x_wconf 85' lang='lat' dir='ltr'><strong>neuquis</strong></span> <span class='ocrx_word' id='word_1_22' title='bbox 773 600 903 665; x_wconf 85' lang='lat' dir='ltr'>divellat</span> <span class='ocrx_word' id='word_1_23' title='bbox 924 604 1084 683; x_wconf 84' lang='lat' dir='ltr'>amantes,</span> 
     </span>
     <span class='ocr_line' id='line_1_5' title="bbox 265 684 956 768; baseline -0.001 -19"><span class='ocrx_word' id='word_1_24' title='bbox 265 684 327 750; x_wconf 82' lang='lat' dir='ltr'><strong>Sed</strong></span> <span class='ocrx_word' id='word_1_25' title='bbox 348 685 454 749; x_wconf 86' lang='lat' dir='ltr'><strong>iuveni</strong></span> <span class='ocrx_word' id='word_1_26' title='bbox 477 705 593 768; x_wconf 84' lang='lat' dir='ltr'><strong>quaeso</strong></span> <span class='ocrx_word' id='word_1_27' title='bbox 616 688 726 748; x_wconf 90' lang='lat' dir='ltr'><strong>mutua</strong></span> <span class='ocrx_word' id='word_1_28' title='bbox 746 685 851 749; x_wconf 84' lang='lat' dir='ltr'>vincla</span> <span class='ocrx_word' id='word_1_29' title='bbox 871 707 956 768; x_wconf 84' lang='lat' dir='ltr'>pare.</span> 
     </span>
     <span class='ocr_line' id='line_1_6' title="bbox 223 767 988 859; baseline 0 -26"><span class='ocrx_word' id='word_1_30' title='bbox 223 767 276 833; x_wconf 82' lang='lat' dir='ltr'><strong>Sic</strong></span> <span class='ocrx_word' id='word_1_31' title='bbox 296 769 383 859; x_wconf 31' lang='lat' dir='ltr'>bene}</span> <span class='ocrx_word' id='word_1_32' title='bbox 400 789 575 853; x_wconf 85' lang='lat' dir='ltr'>conpones:</span> <span class='ocrx_word' id='word_1_33' title='bbox 597 768 680 833; x_wconf 89' lang='lat' dir='ltr'><strong>ullae</strong></span> <span class='ocrx_word' id='word_1_34' title='bbox 701 789 768 832; x_wconf 92' lang='lat' dir='ltr'><strong>non</strong></span> <span class='ocrx_word' id='word_1_35' title='bbox 789 769 843 832; x_wconf 86' lang='lat' dir='ltr'>ille</span> <span class='ocrx_word' id='word_1_36' title='bbox 864 769 988 853; x_wconf 89' lang='lat' dir='ltr'><strong>puellae</strong></span> 
     </span>
     <span class='ocr_line' id='line_1_7' title="bbox 175 851 954 937; baseline 0.006 -25"><span class='ocrx_word' id='word_1_37' title='bbox 175 865 207 913; x_wconf 89' lang='lat'><strong>10</strong></span> <span class='ocrx_word' id='word_1_38' title='bbox 264 851 386 917; x_wconf 81' lang='lat' dir='ltr'>Servire</span> <span class='ocrx_word' id='word_1_39' title='bbox 409 856 464 917; x_wconf 91' lang='lat' dir='ltr'><strong>aut</strong></span> <span class='ocrx_word' id='word_1_40' title='bbox 485 854 630 936; x_wconf 84' lang='lat' dir='ltr'><strong>cuiquam</strong></span> <span class='ocrx_word' id='word_1_41' title='bbox 652 852 779 937; x_wconf 87' lang='lat' dir='ltr'>dignior</span> <span class='ocrx_word' id='word_1_42' title='bbox 800 853 856 917; x_wconf 89' lang='lat' dir='ltr'>illa</span> <span class='ocrx_word' id='word_1_43' title='bbox 876 853 954 918; x_wconf 84' lang='lat' dir='ltr'>viro.</span> 
     </span>
     <span class='ocr_line' id='line_1_8' title="bbox 212 936 1085 1021; baseline 0.002 -21"><span class='ocrx_word' id='word_1_44' title='bbox 212 936 292 1000; x_wconf 86' lang='lat' dir='ltr'>&#39;Nec</span> <span class='ocrx_word' id='word_1_45' title='bbox 313 938 416 1021; x_wconf 79' lang='lat' dir='ltr'><strong>possit</strong></span> <span class='ocrx_word' id='word_1_46' title='bbox 437 937 567 1020; x_wconf 90' lang='lat' dir='ltr'><strong>cupidos</strong></span> <span class='ocrx_word' id='word_1_47' title='bbox 589 938 621 1000; x_wconf 83' lang='lat' dir='ltr'><strong>vi</strong></span> <span class='ocrx_word' id='word_1_48' title='bbox 643 938 725 1000; x_wconf 80' lang='lat' dir='ltr'><strong>flans</strong></span> <span class='ocrx_word' id='word_1_49' title='bbox 748 936 940 1020; x_wconf 79' lang='lat' dir='ltr'>deprendere</span> <span class='ocrx_word' id='word_1_50' title='bbox 963 939 1085 1020; x_wconf 85' lang='lat' dir='ltr'><strong>custos,</strong></span> 
     </span>
     <span class='ocr_line' id='line_1_9' title="bbox 265 960 978 1104; baseline 0.001 -19"><span class='ocrx_word' id='word_1_51' title='bbox 265 1021 471 1104; x_wconf 82' lang='lat' dir='ltr'>Fallendique</span> <span class='ocrx_word' id='word_1_52' title='bbox 492 1022 558 1085; x_wconf 84' lang='lat' dir='ltr'><strong>vias</strong></span> <span class='ocrx_word' id='word_1_53' title='bbox 580 960 667 1085; x_wconf 65' lang='lat' dir='ltr'>miile</span> <span class='ocrx_word' id='word_1_54' title='bbox 689 1021 849 1084; x_wconf 88' lang='lat' dir='ltr'>ministret</span> <span class='ocrx_word' id='word_1_55' title='bbox 869 1023 978 1086; x_wconf 84' lang='lat' dir='ltr'>Amor.</span> 
     </span>
     <span class='ocr_line' id='line_1_10' title="bbox 226 1104 978 1189; baseline 0.004 -22"><span class='ocrx_word' id='word_1_56' title='bbox 226 1104 342 1168; x_wconf 87' lang='lat' dir='ltr'>Adnue</span> <span class='ocrx_word' id='word_1_57' title='bbox 363 1127 582 1189; x_wconf 89' lang='lat' dir='ltr'><strong>purpureaque</strong></span> <span class='ocrx_word' id='word_1_58' title='bbox 602 1106 676 1169; x_wconf 89' lang='lat' dir='ltr'>veni</span> <span class='ocrx_word' id='word_1_59' title='bbox 696 1105 859 1188; x_wconf 85' lang='lat' dir='ltr'>perlucida</span> <span class='ocrx_word' id='word_1_60' title='bbox 878 1106 978 1189; x_wconf 71' lang='lat' dir='ltr'>palla:</span> 
     </span>
     <span class='ocr_line' id='line_1_11' title="bbox 268 1187 977 1272; baseline 0.003 -20"><span class='ocrx_word' id='word_1_61' title='bbox 268 1187 330 1252; x_wconf 80' lang='lat' dir='ltr'><strong>Ter</strong></span> <span class='ocrx_word' id='word_1_62' title='bbox 351 1190 409 1253; x_wconf 83' lang='lat' dir='ltr'>tibi</span> <span class='ocrx_word' id='word_1_63' title='bbox 430 1189 467 1253; x_wconf 88' lang='lat' dir='ltr'><strong>fit</strong></span> <span class='ocrx_word' id='word_1_64' title='bbox 488 1190 568 1271; x_wconf 85' lang='lat' dir='ltr'><strong>libo,</strong></span> <span class='ocrx_word' id='word_1_65' title='bbox 591 1192 654 1272; x_wconf 89' lang='lat' dir='ltr'>ter,</span> <span class='ocrx_word' id='word_1_66' title='bbox 678 1190 736 1252; x_wconf 92' lang='lat' dir='ltr'><strong>dea</strong></span> <span class='ocrx_word' id='word_1_67' title='bbox 757 1192 857 1271; x_wconf 88' lang='lat' dir='ltr'><strong>casta,</strong></span> <span class='ocrx_word' id='word_1_68' title='bbox 879 1211 977 1254; x_wconf 89' lang='lat' dir='ltr'>mero.</span> 
     </span>
     <span class='ocr_line' id='line_1_12' title="bbox 175 1271 1045 1357; baseline 0.006 -25"><span class='ocrx_word' id='word_1_69' title='bbox 175 1284 207 1332; x_wconf 85' lang='lat'><strong>15</strong></span> <span class='ocrx_word' id='word_1_70' title='bbox 221 1271 399 1357; x_wconf 74' lang='lat' dir='ltr'><strong>Praecipiet</strong></span> <span class='ocrx_word' id='word_1_71' title='bbox 419 1277 512 1337; x_wconf 90' lang='lat' dir='ltr'>natae</span> <span class='ocrx_word' id='word_1_72' title='bbox 533 1276 634 1338; x_wconf 89' lang='lat' dir='ltr'>mater</span> <span class='ocrx_word' id='word_1_73' title='bbox 656 1273 810 1356; x_wconf 90' lang='lat' dir='ltr'><strong>studiosa,</strong></span> <span class='ocrx_word' id='word_1_74' title='bbox 833 1273 917 1356; x_wconf 92' lang='lat' dir='ltr'><strong>quod</strong></span> <span class='ocrx_word' id='word_1_75' title='bbox 939 1276 1045 1357; x_wconf 91' lang='lat' dir='ltr'>optet:</span> 
     </span>
     <span class='ocr_line' id='line_1_13' title="bbox 268 1355 1003 1443; baseline 0.004 -24"><span class='ocrx_word' id='word_1_76' title='bbox 268 1355 329 1419; x_wconf 87' lang='lat' dir='ltr'><strong>Illa</strong></span> <span class='ocrx_word' id='word_1_77' title='bbox 351 1355 436 1420; x_wconf 90' lang='lat' dir='ltr'><strong>aliud</strong></span> <span class='ocrx_word' id='word_1_78' title='bbox 457 1357 569 1441; x_wconf 89' lang='lat' dir='ltr'><strong>tacita,</strong></span> <span class='ocrx_word' id='word_1_79' title='bbox 592 1359 655 1421; x_wconf 90' lang='lat' dir='ltr'><strong>iam</strong></span> <span class='ocrx_word' id='word_1_80' title='bbox 677 1379 749 1439; x_wconf 86' lang='lat' dir='ltr'><strong>sua,</strong></span> <span class='ocrx_word' id='word_1_81' title='bbox 771 1361 879 1422; x_wconf 89' lang='lat' dir='ltr'>mente</span> <span class='ocrx_word' id='word_1_82' title='bbox 899 1361 1003 1443; x_wconf 86' lang='lat' dir='ltr'>rogat</span> 
     </span>
     <span class='ocr_line' id='line_1_14' title="bbox 225 1439 979 1525; baseline 0 -20"><span class='ocrx_word' id='word_1_83' title='bbox 225 1439 351 1523; x_wconf 82' lang='lat' dir='ltr'><strong>Vritur‚</strong></span> <span class='ocrx_word' id='word_1_84' title='bbox 373 1444 410 1504; x_wconf 94' lang='lat' dir='ltr'><strong>ut</strong></span> <span class='ocrx_word' id='word_1_85' title='bbox 431 1441 548 1505; x_wconf 83' lang='lat' dir='ltr'>celeres</span> <span class='ocrx_word' id='word_1_86' title='bbox 570 1445 666 1504; x_wconf 91' lang='lat' dir='ltr'><strong>urunt</strong></span> <span class='ocrx_word' id='word_1_87' title='bbox 687 1441 799 1504; x_wconf 69' lang='lat' dir='ltr'>altaria</span> <span class='ocrx_word' id='word_1_88' title='bbox 819 1441 979 1525; x_wconf 81' lang='lat' dir='ltr'><strong>flammae,</strong></span> 
     </span>
     <span class='ocr_line' id='line_1_15' title="bbox 266 1523 973 1607; baseline 0.003 -19"><span class='ocrx_word' id='word_1_89' title='bbox 266 1523 351 1607; x_wconf 84' lang='lat' dir='ltr'><strong>Nec,</strong></span> <span class='ocrx_word' id='word_1_90' title='bbox 373 1525 468 1589; x_wconf 88' lang='lat' dir='ltr'>liccat</span> <span class='ocrx_word' id='word_1_91' title='bbox 489 1527 646 1607; x_wconf 86' lang='lat' dir='ltr'><strong>quamvis,</strong></span> <span class='ocrx_word' id='word_1_92' title='bbox 670 1547 747 1589; x_wconf 90' lang='lat' dir='ltr'><strong>sana</strong></span> <span class='ocrx_word' id='word_1_93' title='bbox 767 1525 865 1589; x_wconf 80' lang='lat' dir='ltr'><strong>fiiisse</strong></span> <span class='ocrx_word' id='word_1_94' title='bbox 886 1527 973 1590; x_wconf 88' lang='lat' dir='ltr'>velit.</span> 
     </span>
     <span class='ocr_line' id='line_1_16' title="bbox 227 1607 1111 1693; baseline 0 -20"><span class='ocrx_word' id='word_1_95' title='bbox 227 1607 276 1673; x_wconf 84' lang='lat' dir='ltr'><strong>Sit</strong></span> <span class='ocrx_word' id='word_1_96' title='bbox 297 1608 403 1672; x_wconf 82' lang='lat' dir='ltr'><strong>iuveni</strong></span> <span class='ocrx_word' id='word_1_97' title='bbox 426 1613 568 1693; x_wconf 81' lang='lat' dir='ltr'>gratum:</span> <span class='ocrx_word' id='word_1_98' title='bbox 590 1610 696 1673; x_wconf 86' lang='lat' dir='ltr'>veniet</span> <span class='ocrx_word' id='word_1_99' title='bbox 718 1631 789 1673; x_wconf 91' lang='lat' dir='ltr'><strong>cum</strong></span> <span class='ocrx_word' id='word_1_100' title='bbox 811 1609 972 1692; x_wconf 88' lang='lat' dir='ltr'><strong>proximus</strong></span> <span class='ocrx_word' id='word_1_101' title='bbox 995 1631 1111 1693; x_wconf 83' lang='lat' dir='ltr'><strong>annus,</strong></span> 
     </span>
     <span class='ocr_line' id='line_1_17' title="bbox 176 1691 959 1758; baseline 0.005 -4"><span class='ocrx_word' id='word_1_102' title='bbox 176 1691 959 1758; x_wconf 54' lang='lat' dir='ltr'><strong>wfflmmmmfflw.</strong></span> 
     </span>
    </p>
   </div>
   <div class='ocr_carea' id='block_1_3' title="bbox 541 2012 748 2223">
    <p class='ocr_par' dir='ltr' id='par_1_3' title="bbox 541 2012 748 2223">
     <span class='ocr_line' id='line_1_18' title="bbox 541 2012 748 2079; baseline 0.014 -3"><span class='ocrx_word' id='word_1_103' title='bbox 541 2012 748 2079; x_wconf 72' lang='lat' dir='ltr'><strong>svuplole</strong></span> 
     </span>
     <span class='ocr_line' id='line_1_19' title="bbox 601 2150 681 2223; baseline 0.025 -3"><span class='ocrx_word' id='word_1_104' title='bbox 601 2150 681 2223; x_wconf 88' lang='lat' dir='ltr'><strong>VII.</strong></span> 
     </span>
    </p>
   </div>
   <div class='ocr_carea' id='block_1_4' title="bbox 182 2270 1069 3113">
    <p class='ocr_par' dir='ltr' id='par_1_4' title="bbox 182 2270 1069 3113">
     <span class='ocr_line' id='line_1_20' title="bbox 226 2270 1024 2359; baseline 0.003 -23"><span class='ocrx_word' id='word_1_105' title='bbox 226 2270 368 2336; x_wconf 77' lang='lat' dir='ltr'>Tandem</span> <span class='ocrx_word' id='word_1_106' title='bbox 390 2272 478 2335; x_wconf 88' lang='lat' dir='ltr'>venit</span> <span class='ocrx_word' id='word_1_107' title='bbox 500 2293 602 2337; x_wconf 90' lang='lat' dir='ltr'>amor:</span> <span class='ocrx_word' id='word_1_108' title='bbox 626 2273 750 2355; x_wconf 91' lang='lat' dir='ltr'><strong>qualem</strong></span> <span class='ocrx_word' id='word_1_109' title='bbox 772 2275 887 2338; x_wconf 86' lang='lat' dir='ltr'><strong>texisse</strong></span> <span class='ocrx_word' id='word_1_110' title='bbox 909 2275 1024 2359; x_wconf 90' lang='lat' dir='ltr'>pudori</span> 
     </span>
     <span class='ocr_line' id='line_1_21' title="bbox 269 2356 1048 2444; baseline 0.005 -25"><span class='ocrx_word' id='word_1_111' title='bbox 269 2357 370 2433; x_wconf 83' lang='lat' dir='ltr'><strong>Quam</strong></span> <span class='ocrx_word' id='word_1_112' title='bbox 391 2356 528 2420; x_wconf 90' lang='lat' dir='ltr'><strong>nudasse</strong></span> <span class='ocrx_word' id='word_1_113' title='bbox 550 2357 643 2421; x_wconf 89' lang='lat' dir='ltr'><strong>alicui</strong></span> <span class='ocrx_word' id='word_1_114' title='bbox 665 2357 707 2421; x_wconf 84' lang='lat' dir='ltr'><strong>sit</strong></span> <span class='ocrx_word' id='word_1_115' title='bbox 727 2356 807 2421; x_wconf 91' lang='lat' dir='ltr'><strong>mihi</strong></span> <span class='ocrx_word' id='word_1_116' title='bbox 828 2359 914 2422; x_wconf 89' lang='lat' dir='ltr'>fama</span> <span class='ocrx_word' id='word_1_117' title='bbox 934 2361 1048 2444; x_wconf 84' lang='lat' dir='ltr'><strong>magis.</strong></span> 
     </span>
     <span class='ocr_line' id='line_1_22' title="bbox 225 2439 927 2523; baseline 0.003 -18"><span class='ocrx_word' id='word_1_118' title='bbox 225 2439 367 2505; x_wconf 80' lang='lat' dir='ltr'>Exorata</span> <span class='ocrx_word' id='word_1_119' title='bbox 387 2442 466 2505; x_wconf 91' lang='lat' dir='ltr'><strong>meis</strong></span> <span class='ocrx_word' id='word_1_120' title='bbox 488 2440 578 2505; x_wconf 90' lang='lat' dir='ltr'><strong>illum</strong></span> <span class='ocrx_word' id='word_1_121' title='bbox 601 2439 758 2523; x_wconf 72' lang='lat' dir='ltr'>Cytherea</span> <span class='ocrx_word' id='word_1_122' title='bbox 780 2441 927 2507; x_wconf 73' lang='lat' dir='ltr'>Camenis</span> 
     </span>
     <span class='ocr_line' id='line_1_23' title="bbox 269 2525 974 2610; baseline 0.007 -23"><span class='ocrx_word' id='word_1_123' title='bbox 269 2525 388 2588; x_wconf 86' lang='lat' dir='ltr'><strong>Attulit</strong></span> <span class='ocrx_word' id='word_1_124' title='bbox 409 2525 444 2588; x_wconf 92' lang='lat' dir='ltr'><strong>in</strong></span> <span class='ocrx_word' id='word_1_125' title='bbox 463 2527 609 2589; x_wconf 91' lang='lat' dir='ltr'><strong>nostrum</strong></span> <span class='ocrx_word' id='word_1_126' title='bbox 631 2525 838 2610; x_wconf 78' lang='lat' dir='ltr'><strong>deposuitque</strong></span> <span class='ocrx_word' id='word_1_127' title='bbox 860 2527 974 2593; x_wconf 89' lang='lat' dir='ltr'><strong>sinum.</strong></span> 
     </span>
     <span class='ocr_line' id='line_1_24' title="bbox 195 2607 1050 2695; baseline 0.006 -26"><span class='ocrx_word' id='word_1_128' title='bbox 195 2607 356 2673; x_wconf 68' lang='lat' dir='ltr'>cdxolvit</span> <span class='ocrx_word' id='word_1_129' title='bbox 376 2610 533 2692; x_wconf 88' lang='lat' dir='ltr'><strong>promissa</strong></span> <span class='ocrx_word' id='word_1_130' title='bbox 553 2608 677 2673; x_wconf 89' lang='lat' dir='ltr'><strong>Venus:</strong></span> <span class='ocrx_word' id='word_1_131' title='bbox 700 2631 771 2674; x_wconf 91' lang='lat' dir='ltr'><strong>mea</strong></span> <span class='ocrx_word' id='word_1_132' title='bbox 791 2610 907 2695; x_wconf 84' lang='lat' dir='ltr'>gaudia</span> <span class='ocrx_word' id='word_1_133' title='bbox 928 2613 1050 2693; x_wconf 88' lang='lat' dir='ltr'>narret,</span> 
     </span>
     <span class='ocr_line' id='line_1_25' title="bbox 270 2690 867 2776; baseline 0.003 -20"><span class='ocrx_word' id='word_1_134' title='bbox 270 2690 403 2756; x_wconf 80' lang='lat' dir='ltr'><strong>Dicetur</strong></span> <span class='ocrx_word' id='word_1_135' title='bbox 424 2694 523 2776; x_wconf 90' lang='lat' dir='ltr'><strong>siquis</strong></span> <span class='ocrx_word' id='word_1_136' title='bbox 544 2714 611 2757; x_wconf 91' lang='lat' dir='ltr'><strong>non</strong></span> <span class='ocrx_word' id='word_1_137' title='bbox 631 2693 780 2758; x_wconf 90' lang='lat' dir='ltr'><strong>habuisse</strong></span> <span class='ocrx_word' id='word_1_138' title='bbox 802 2716 867 2759; x_wconf 90' lang='lat' dir='ltr'><strong>sua.</strong></span> 
     </span>
     <span class='ocr_line' id='line_1_26' title="bbox 228 2774 1065 2861; baseline 0.002 -21"><span class='ocrx_word' id='word_1_139' title='bbox 228 2774 305 2840; x_wconf 92' lang='lat' dir='ltr'><strong>Non</strong></span> <span class='ocrx_word' id='word_1_140' title='bbox 326 2798 343 2840; x_wconf 91' lang='lat' dir='ltr'>e</span> <span class='ocrx_word' id='word_1_141' title='bbox 368 2797 386 2838; x_wconf 98' lang='lat' dir='ltr'>o</span> <span class='ocrx_word' id='word_1_142' title='bbox 409 2777 544 2861; x_wconf 82' lang='lat' dir='ltr'><strong>signatis</strong></span> <span class='ocrx_word' id='word_1_143' title='bbox 567 2778 734 2860; x_wconf 89' lang='lat' dir='ltr'><strong>quicquam</strong></span> <span class='ocrx_word' id='word_1_144' title='bbox 754 2778 904 2843; x_wconf 90' lang='lat' dir='ltr'>mandare</span> <span class='ocrx_word' id='word_1_145' title='bbox 925 2778 1065 2861; x_wconf 90' lang='lat' dir='ltr'><strong>tabellis,</strong></span> 
     </span>
     <span class='ocr_line' id='line_1_27' title="bbox 270 2798 1069 2946; baseline 0.004 -23"><span class='ocrx_word' id='word_1_146' title='bbox 270 2857 321 2923; x_wconf 92' lang='lat' dir='ltr'><strong>Ne</strong></span> <span class='ocrx_word' id='word_1_147' title='bbox 343 2798 430 2943; x_wconf 52' lang='lat' dir='ltr'>degat</span> <span class='ocrx_word' id='word_1_148' title='bbox 451 2860 483 2923; x_wconf 92' lang='lat' dir='ltr'><strong>id</strong></span> <span class='ocrx_word' id='word_1_149' title='bbox 504 2881 598 2924; x_wconf 92' lang='lat' dir='ltr'>nemo</span> <span class='ocrx_word' id='word_1_150' title='bbox 621 2883 715 2944; x_wconf 91' lang='lat' dir='ltr'><strong>quam</strong></span> <span class='ocrx_word' id='word_1_151' title='bbox 736 2884 825 2926; x_wconf 86' lang='lat' dir='ltr'><strong>meus</strong></span> <span class='ocrx_word' id='word_1_152' title='bbox 847 2865 936 2944; x_wconf 87' lang='lat' dir='ltr'>ante,</span> <span class='ocrx_word' id='word_1_153' title='bbox 958 2862 1069 2946; x_wconf 87' lang='lat' dir='ltr'><strong>velim,</strong></span> 
     </span>
     <span class='ocr_line' id='line_1_28' title="bbox 229 2941 1034 3030; baseline 0.004 -22"><span class='ocrx_word' id='word_1_154' title='bbox 229 2941 291 3008; x_wconf 83' lang='lat' dir='ltr'><strong>Sed</strong></span> <span class='ocrx_word' id='word_1_155' title='bbox 311 2963 458 3026; x_wconf 88' lang='lat' dir='ltr'><strong>peccasse</strong></span> <span class='ocrx_word' id='word_1_156' title='bbox 480 2944 581 3026; x_wconf 86' lang='lat' dir='ltr'><strong>iuvat,</strong></span> <span class='ocrx_word' id='word_1_157' title='bbox 603 2946 709 3009; x_wconf 88' lang='lat' dir='ltr'><strong>voltus</strong></span> <span class='ocrx_word' id='word_1_158' title='bbox 731 2967 909 3030; x_wconf 90' lang='lat' dir='ltr'>conponere</span> <span class='ocrx_word' id='word_1_159' title='bbox 930 2946 1034 3012; x_wconf 87' lang='lat' dir='ltr'>famae</span> 
     </span>
     <span class='ocr_line' id='line_1_29' title="bbox 182 3027 972 3113; baseline 0.005 -24"><span class='ocrx_word' id='word_1_160' title='bbox 182 3040 213 3090; x_wconf 88' lang='grc' dir='ltr'><strong>ιο</strong></span> <span class='ocrx_word' id='word_1_161' title='bbox 269 3027 403 3091; x_wconf 82' lang='lat' dir='ltr'>Taedet:</span> <span class='ocrx_word' id='word_1_162' title='bbox 426 3049 497 3092; x_wconf 86' lang='lat' dir='ltr'><strong>cum</strong></span> <span class='ocrx_word' id='word_1_163' title='bbox 520 3027 618 3112; x_wconf 86' lang='lat' dir='ltr'>digno</span> <span class='ocrx_word' id='word_1_164' title='bbox 641 3029 738 3113; x_wconf 84' lang='lat' dir='ltr'>digna</span> <span class='ocrx_word' id='word_1_165' title='bbox 759 3031 857 3095; x_wconf 86' lang='lat' dir='ltr'><strong>fuisse</strong></span> <span class='ocrx_word' id='word_1_166' title='bbox 879 3031 972 3094; x_wconf 89' lang='lat' dir='ltr'>ferar.</span> 
     </span>
    </p>
   </div>
   <div class='ocr_carea' id='block_1_5' title="bbox 599 3243 695 3317">
    <p class='ocr_par' dir='ltr' id='par_1_5' title="bbox 599 3243 695 3317">
     <span class='ocr_line' id='line_1_30' title="bbox 599 3243 695 3317; baseline 0.021 -2"><span class='ocrx_word' id='word_1_167' title='bbox 599 3243 695 3317; x_wconf 82' lang='lat' dir='ltr'>VIII.</span> 
     </span>
    </p>
   </div>
   <div class='ocr_carea' id='block_1_6' title="bbox 228 3372 958 3545">
    <p class='ocr_par' dir='ltr' id='par_1_6' title="bbox 228 3372 958 3545">
     <span class='ocr_line' id='line_1_31' title="bbox 228 3372 944 3457; baseline 0.004 -19"><span class='ocrx_word' id='word_1_168' title='bbox 228 3372 353 3438; x_wconf 89' lang='lat' dir='ltr'><strong>Invisus</strong></span> <span class='ocrx_word' id='word_1_169' title='bbox 374 3375 490 3438; x_wconf 89' lang='lat' dir='ltr'>natalis</span> <span class='ocrx_word' id='word_1_170' title='bbox 513 3373 616 3457; x_wconf 88' lang='lat' dir='ltr'><strong>adest,</strong></span> <span class='ocrx_word' id='word_1_171' title='bbox 639 3375 693 3457; x_wconf 93' lang='lat' dir='ltr'><strong>qui</strong></span> <span class='ocrx_word' id='word_1_172' title='bbox 713 3397 786 3439; x_wconf 87' lang='lat' dir='ltr'><strong>rure</strong></span> <span class='ocrx_word' id='word_1_173' title='bbox 807 3377 944 3441; x_wconf 90' lang='lat' dir='ltr'><strong>molesto</strong></span> 
     </span>
     <span class='ocr_line' id='line_1_32' title="bbox 271 3457 958 3545; baseline 0.007 -24"><span class='ocrx_word' id='word_1_174' title='bbox 271 3458 315 3521; x_wconf 83' lang='lat' dir='ltr'><strong>Et</strong></span> <span class='ocrx_word' id='word_1_175' title='bbox 337 3459 404 3522; x_wconf 89' lang='lat' dir='ltr'><strong>sine</strong></span> <span class='ocrx_word' id='word_1_176' title='bbox 428 3457 580 3523; x_wconf 80' lang='lat' dir='ltr'>Cerintho</span> <span class='ocrx_word' id='word_1_177' title='bbox 602 3459 702 3523; x_wconf 85' lang='lat' dir='ltr'><strong>tristis</strong></span> <span class='ocrx_word' id='word_1_178' title='bbox 725 3458 866 3545; x_wconf 86' lang='lat' dir='ltr'><strong>agendus</strong></span> <span class='ocrx_word' id='word_1_179' title='bbox 890 3462 958 3527; x_wconf 90' lang='lat' dir='ltr'>erit.</span> 
     </span>
    </p>
   </div>
   <div class='ocr_carea' id='block_1_7' title="bbox 227 3540 1127 3631">
    <p class='ocr_par' dir='ltr' id='par_1_7' title="bbox 227 3540 1127 3631">
     <span class='ocr_line' id='line_1_33' title="bbox 227 3540 1127 3631; baseline 0.007 -26"><span class='ocrx_word' id='word_1_180' title='bbox 227 3540 361 3606; x_wconf 87' lang='lat' dir='ltr'><strong>Dulcius</strong></span> <span class='ocrx_word' id='word_1_181' title='bbox 382 3543 459 3607; x_wconf 91' lang='lat' dir='ltr'><strong>urbe</strong></span> <span class='ocrx_word' id='word_1_182' title='bbox 483 3542 559 3626; x_wconf 90' lang='lat' dir='ltr'><strong>quid</strong></span> <span class='ocrx_word' id='word_1_183' title='bbox 581 3543 651 3608; x_wconf 83' lang='lat' dir='ltr'><strong>est?</strong></span> <span class='ocrx_word' id='word_1_184' title='bbox 684 3567 726 3608; x_wconf 89' lang='lat' dir='ltr'><strong>an</strong></span> <span class='ocrx_word' id='word_1_185' title='bbox 746 3544 822 3608; x_wconf 85' lang='lat' dir='ltr'>villa</span> <span class='ocrx_word' id='word_1_186' title='bbox 844 3546 886 3609; x_wconf 89' lang='lat' dir='ltr'><strong>sit</strong></span> <span class='ocrx_word' id='word_1_187' title='bbox 907 3549 982 3631; x_wconf 89' lang='lat' dir='ltr'>apta</span> <span class='ocrx_word' id='word_1_188' title='bbox 1001 3546 1127 3629; x_wconf 89' lang='lat' dir='ltr'><strong>puellae</strong></span> 
     </span>
    </p>
   </div>
   <div class='ocr_carea' id='block_1_8' title="bbox 0 0 1284 4094">
    <p class='ocr_par' dir='ltr' id='par_1_8' title="bbox 0 0 1284 4094">
     <span class='ocr_line' id='line_1_34' title="bbox 0 0 1284 4094; baseline 0 0"><span class='ocrx_word' id='word_1_189' title='bbox 0 0 1284 4094; x_wconf 95' lang='lat' dir='ltr'><strong> </strong></span> 
     </span>
    </p>
   </div>
  </div>
 </body>
</html>
