2558 4094
202 881 207 896 ·
288 841 515 978 Arari
571 842 894 942 rrssvuul
947 796 949 799 Ι

438 1032 557 1091 LIBER
578 1032 739 1092 PRIMVS.

574 1247 604 1327 I.

112 1364 258 1447 Divisa
280 1380 361 1444 suus
382 1380 470 1445 fulvo
492 1382 553 1446 siu
576 1385 729 1467 congeras
749 1405 825 1448 auro

152 1465 196 1528 Et
217 1468 324 1530 teneat
345 1466 421 1529 culti
443 1466 553 1550 iugera
574 1468 677 1530 multa
698 1467 772 1550 soli,

110 1548 212 1623 Quem
233 1549 323 1612 labor
344 1548 493 1613 adsiduus
514 1552 619 1614 vicino
641 1554 759 1615 terreat
780 1551 887 1631 hoste,

153 1632 271 1696 Martia
292 1633 344 1696 cui
365 1653 493 1697 somnos
515 1635 648 1698 classica
668 1635 761 1717 pulsa
781 1635 911 1720 fugent:
1109 1681 1112 1688 .

111 1716 164 1781 Me
185 1738 256 1780 mea
276 1719 445 1800 paupertas
467 1718 532 1781 vita
552 1718 697 1782 traducat
717 1719 829 1801 inerti,
1025 1791 1027 1794 y
1054 1728 1071 1778 ⁵

152 1799 239 1865 Dum
259 1822 349 1864 meus
370 1801 502 1865 adsiduo
525 1802 630 1866 luceat
650 1802 726 1887 igne
747 1803 847 1870 focus.

111 1885 180 1950 Iam
200 1884 294 1968 mihi,
316 1885 381 1949 iam
401 1886 521 1970 possim
543 1890 711 1951 contentus
732 1887 837 1951 vivere
859 1906 957 1970 parvo
1037 1895 1070 1946 2⁶

152 1969 222 2036 Nec
244 1991 368 2053 semper
388 1971 503 2055 longae
525 1970 649 2035 deditus
672 1992 741 2035 esse
762 1972 847 2053 viae,

112 2053 175 2119 Sed
197 2053 294 2119 Oanis
317 2055 453 2118 aestivos
476 2058 564 2120 ortus
586 2057 685 2119 vitare
707 2055 765 2119 sub
786 2055 899 2119 umbra

154 2137 287 2202 Arboris
310 2139 351 2202 ad
372 2140 458 2202 rivos
479 2139 710 2222 praetereuntis
732 2161 841 2223 aquae.

111 2221 181 2288 Nec
201 2224 308 2286 tamen
329 2223 488 2287 interdum
509 2224 627 2308 pudeat
646 2224 787 2288 tenuisse
807 2223 950 2288 bidentes

154 2308 222 2370 Aut
242 2304 371 2370 stimulo
392 2307 500 2370 tardos
521 2308 716 2391 increpuisse
737 2308 849 2390 boves,
1036 2318 1072 2368 80

111 2390 189 2458 Non
209 2411 364 2475 agnamve
386 2390 458 2454 sinu
479 2392 587 2476 pigeat
608 2392 747 2456 fetumve
769 2391 908 2474 capellae

154 2474 323 2541 Desertum
345 2474 446 2538 oblita
466 2479 567 2539 matre
588 2476 704 2539 referre
727 2475 866 2539 domum.

113 2560 159 2624 Aa
179 2580 237 2624 vos
260 2558 374 2644 exiguo
395 2560 517 2643 pecori,
539 2559 688 2643 furesque
708 2560 854 2642 lupique,

154 2643 295 2708 Parcite:
317 2643 356 2708 de
377 2664 494 2729 magno
515 2643 634 2726 praeda
655 2643 792 2727 petenda
852 2664 920 2728 ege.

113 2727 186 2813 Ipse
207 2749 311 2792 seram
332 2731 456 2792 teneras
478 2731 602 2792 maturo
624 2731 767 2811 tempore
788 2728 820 2791 vi
835 2749 869 2792 es

155 2812 304 2878 Rusticus
326 2815 359 2877 et
378 2813 466 2877 facili
487 2813 621 2897 grandia
642 2833 737 2896 poma
757 2833 869 2876 manu:

113 2897 182 2962 Nec
204 2895 225 2961 S
249 2918 282 2960 es
305 2895 469 2980 destituat,
493 2897 548 2960 sed
568 2897 698 2981 frugum
719 2917 844 2980 semper
864 2917 992 2960 acervos

155 2919 310 3044 Praeeiuat
330 2983 363 3044 et
383 2981 478 3065 pleno
500 2981 633 3066 pinguia
653 2983 759 3044 musta
780 2980 860 3045 lacu.
1040 2992 1072 3040 10

114 3065 199 3132 Nam
219 3085 365 3147 veneror,
388 3086 444 3129 seu
465 3064 564 3149 stipes
585 3064 682 3129 habet
703 3064 844 3129 desertus
865 3065 900 3127 iu
922 3064 1007 3147 agris

157 3149 220 3215 Seu
240 3149 331 3212 vetus
352 3149 387 3212 in
407 3149 502 3213 trivio
523 3149 622 3213 florea
642 3151 726 3213 serta
747 3148 844 3233 lapis:

113 3233 213 3300 Flava
234 3229 345 3314 Ocrea,
367 3233 426 3297 tibi
447 3233 490 3297 sit
509 3235 620 3297 nostro
643 3232 681 3296 de
702 3254 775 3296 rure
797 3252 913 3296 corona
1040 3242 1071 3293 1⁵

156 3317 283 3416 Spicea,
305 3336 385 3398 quae
405 3317 517 3401 templi
538 3316 677 3401 pendeat
697 3318 771 3381 ante
792 3316 893 3379 fores:

114 3401 321 3484 Pomosrsque
342 3400 437 3464 ruber
458 3402 564 3465 custos
585 3403 722 3484 ponatur
743 3401 778 3464 in
798 3398 915 3484 hortis,

164 3504 288 3545 rumas.
905 3503 920 3550 1

553 3842 872 3961 1838OE
