2558 4094
157 251 227 323 vn]
551 250 658 306 amaa
679 249 701 309 ι
1073 247 1112 312 15

197 414 320 480 Possim
343 435 417 500 ego,
440 413 517 498 quin
539 414 646 478 oculos
668 415 797 497 appetat
818 413 873 478 illa
894 435 996 498 meos,
1079 426 1112 476 το

157 500 200 566 Et
222 499 325 583 siquid
346 520 493 583 peccasse
515 502 631 595 puter&
645 498 802 596 ducarque
824 498 946 582 capillis

198 584 351 647 Inmerito
373 604 490 667 pronas
512 604 729 666 pror1p1arqua
750 605 828 648 v1as.

155 669 232 734 Non
253 689 311 752 ego
333 670 365 731 ta
386 667 512 750 pulsare
534 667 643 749 velim,
666 666 736 749 sed,
759 666 881 731 venerit
901 667 961 732 iste

198 753 233 817 si
253 753 356 835 furor,
379 752 516 835 optarim
536 772 603 815 non
623 750 771 815 habuisse
793 771 920 815 manus:

156 836 225 904 Nec
247 857 341 900 saevo
364 836 408 899 sis
430 837 640 918 castaneta,
663 834 718 899 sed
739 838 846 899 mente
866 835 966 920 fideli;
1080 847 1112 896 ⁷5

198 920 327 985 Mutuus
349 920 473 984 absenti
493 923 526 983 te
547 919 626 983 mihi
647 922 751 983 servet
772 941 868 983 amor.

155 1006 215 1085 At,
238 1026 317 1087 quae
338 1004 402 1068 fida
422 1004 483 1067 fuit
505 1004 600 1086 nulli,
616 1006 695 1087 post
715 1005 800 1067 victa
822 1005 948 1067 senecta

198 1088 295 1152 Ducit
315 1088 409 1171 inops
429 1089 565 1151 tremula
586 1088 721 1151 stamina
741 1090 826 1151 torta
846 1109 943 1151 manu

156 1173 324 1256 Firmaque
347 1172 510 1238 conductis
532 1171 671 1236 adnectit
692 1172 766 1235 licia
785 1172 858 1236 telis

198 1257 375 1340 Tractaque
397 1257 435 1321 de
456 1257 549 1320 niveo
572 1256 685 1320 vellere
708 1255 801 1320 dente
825 1257 926 1339 putat.
1079 1266 1113 1316 80

156 1341 249 1406 Hanc
265 1341 371 1405 animo
387 1340 544 1425 gaudente
558 1340 667 1404 vident
680 1340 890 1423 iuvenumque
907 1341 1050 1403 catervae

199 1425 446 1491 Conmemorant
466 1425 579 1488 merito
601 1428 651 1487 tot
671 1425 756 1487 mala
776 1425 859 1488 ferre
881 1445 1004 1506 senem,

156 1510 248 1579 Hanc
270 1508 379 1574 Venus
401 1531 440 1572 ex
462 1510 526 1572 alto
548 1509 677 1572 flentem
699 1509 842 1573 sublimis
865 1507 1001 1591 Olympo

198 1594 329 1677 Spectat
350 1596 382 1656 et
402 1592 509 1656 infidis
530 1614 625 1676 quam
647 1593 689 1656 sit
710 1593 823 1657 acerba
843 1595 962 1656 monet.

156 1677 244 1742 Haec
267 1677 337 1739 aliis
358 1676 526 1740 maledicta
547 1677 675 1740 cadantz
697 1698 773 1760 nos,
796 1676 904 1758 Delia,
927 1674 1043 1739 amoris
1079 1686 1113 1736 85

197 1760 388 1843 Exemplum
410 1780 489 1824 cana
511 1760 608 1824 simus
630 1763 760 1842 uterque
783 1780 881 1823 coma.

595 1974 673 2048 VH.

155 2099 250 2165 Hunc
272 2099 413 2164 cecinere
435 2098 519 2162 diem
540 2097 657 2162 Pareae
679 2099 788 2162 fatalia
808 2101 920 2163 nentes

200 2184 358 2267 Stamina,
380 2205 446 2248 non
467 2183 524 2246 ulli
547 2183 748 2248 dissoluenda
770 2184 843 2268 de03

156 2268 250 2332 Hunc
272 2269 357 2349 fore,
379 2267 558 2350 Aquitanas
579 2271 689 2350 pessel
710 2268 763 2350 qui
784 2267 915 2331 fundere
937 2268 1064 2352 gentes,

199 2351 299 2428 Quem
320 2355 470 2414 tremeret
490 2351 566 2414 forti
589 2352 690 2414 milite
713 2352 814 2415 victus
836 2354 927 2415 Alur.

157 2434 316 2500 Evenere:
338 2455 439 2498 novos
460 2435 560 2516 pubes
581 2434 727 2498 Romana
747 2434 924 2517 triumphos
1096 2446 1113 2495 a

200 2519 291 2584 Vidit
311 2522 343 2582 et
365 2518 506 2582 evinctos
527 2518 657 2582 brachia
680 2521 772 2601 capta
792 2519 901 2583 duces:

157 2604 202 2668 At
223 2608 255 2668 te
276 2603 422 2667 victrices
444 2603 565 2683 lauros,
587 2600 750 2684 Messalla,
772 2605 934 2687 gerentem

198 2687 350 2751 Portabat
371 2687 472 2750 niveis
495 2707 603 2750 currus
625 2685 762 2750 eburnus
784 2687 882 2770 aquia.

157 2771 233 2836 Non
248 2773 315 2835 sine
330 2774 413 2835 mest
425 2771 485 2834 tibi
500 2773 609 2854 partus
623 2769 741 2834 honos:
764 2770 909 2834 Tarbella
922 2769 1046 2854 Pyrene

199 2855 302 2920 Testis
325 2859 357 2919 et
378 2855 497 2919 Oceani
518 2855 613 2918 litcra
635 2855 830 2938 Sanctcniei,
1082 2869 1114 2917 10

157 2937 259 3003 Testis
271 2940 355 3002 Arar
364 2939 598 3022 Rhodanusque
610 2939 693 3005 celer
702 2961 898 3024 magnusque
911 2938 1071 3022 Garonna‚

199 3022 333 3089 Carnuti
355 3028 388 3088 et
407 3024 481 3087 flavi
503 3023 628 3087 caerula
648 3023 779 3106 lympha
800 3024 905 3108 Liger.

156 3106 211 3170 An
232 3114 279 3189 te,
302 3107 425 3191 Cydne,
448 3129 573 3190 canam,
595 3107 700 3170 tacitis
723 3108 776 3190 qui
797 3107 910 3172 leniter
931 3106 1024 3170 undis

199 3189 368 3256 anmleus
389 3191 522 3275 placidis
543 3212 601 3274 per
621 3190 702 3255 vada
723 3192 822 3274 serpis
844 3191 949 3274 aquia,

157 3274 300 3352 Quantus
322 3280 354 3338 et
375 3275 514 3340 aetherio
538 3274 726 3360 contingens
748 3275 865 3339 vertice
886 3274 986 3337 nubes
1081 3286 1112 3335 16

199 3357 346 3442 Frigidus
367 3360 511 3424 intonsos
534 3359 655 3423 Taurus
678 3359 742 3422 alat
763 3357 900 3423 Cilicas?

158 3442 240 3518 Quid
261 3443 411 3524 referam,
432 3447 469 3507 ut
488 3444 600 3508 volitet
615 3443 739 3507 crebras
760 3443 879 3506 intacta
892 3465 949 3527 per
963 3442 1057 3508 urbes

200 3527 284 3591 Alba
305 3526 486 3591 Palaestino
508 3530 618 3591 sancta
640 3526 786 3592 columba
807 3526 900 3612 Syro,
