2558 4094
335 544 559 647 ALBII
601 539 924 640 TIBVLLI

463 731 584 791 LIBER
606 727 801 799 QVARTVS.

239 937 416 1006 lNOElRTl
441 935 655 1002 AVCTORIS
682 932 987 1000 PANEGYRIOVS

520 1035 785 1101 MESSALLAE.

621 1168 650 1242 I.

158 1269 225 1369 Te,
240 1283 404 1368 Messalla,
420 1305 546 1368 canam,
583 1305 816 1381 namquamume
831 1284 960 1381 cognita
973 1280 1072 1348 virtus

118 1414 122 1422 ·
157 1369 282 1453 Terret,
304 1373 340 1434 ut
360 1369 504 1433 infirmae
525 1390 545 1432 v
578 1371 652 1432 eant
673 1368 843 1432 subsrstere
865 1389 948 1432 v1res
954 1417 964 1450 ,

157 1452 314 1538 Incipiam
334 1457 451 1518 tamen.
483 1474 503 1516 a
522 1453 644 1517 meritis
667 1453 694 1517 si
716 1451 856 1517 earmina
877 1452 1000 1533 laudes,

158 1537 332 1602 Deficient:
354 1536 482 1600 humilis
503 1537 602 1601 tantis
624 1537 685 1600 sim
707 1535 852 1601 conditor
873 1536 968 1616 actis,

157 1621 227 1685 Nec
247 1622 303 1683 tuo
323 1622 479 1703 praeterio
502 1619 620 1684 chartis
640 1621 783 1684 intexere
805 1619 970 1703 quisquam
1100 1630 1115 1679 e

159 1704 259 1769 Facta
280 1706 389 1852 pueat,
412 1703 504 1767 dictis
526 1706 650 1768 utnon
670 1704 791 1766 maiora
812 1702 982 1786 supersint.

158 1787 221 1854 nst
241 1808 284 1852 no
307 1788 335 1852 is
356 1787 494 1851 voluisse
516 1787 609 1870 satis,
630 1808 690 1851 nec
711 1807 842 1850 munera
863 1807 960 1870 parva

157 1871 338 1956 Respueris.
372 1872 467 1935 etiam
487 1870 617 1935 Phoebo
679 1871 820 1935 ctissime
841 1869 925 1934 dona

158 1956 235 2023 Ores
256 1956 345 2038 tulit,
368 1959 401 2020 et
422 1956 543 2020 cunctis
564 1955 650 2020 Baco
674 1976 692 2019 o
714 1954 882 2020 iucundior
902 1953 1018 2037 hospes

158 2040 283 2125 Icarus,
305 2044 342 2105 ut
361 2061 441 2124 puro
463 2042 622 2104 testantur
643 2039 745 2104 sidera
767 2039 853 2104 caelo
1084 2052 1116 2102 ιο

157 2123 361 2208 Erigoneque
384 2124 557 2208 (lanisque,
580 2127 677 2209 neget
697 2146 738 2188 ne
760 2124 888 2209 longior
909 2126 1005 2187 aetas.

160 2207 245 2280 Quin
267 2210 363 2270 etiam
378 2209 521 2291 Alcides,
545 2209 622 2272 deus
645 2209 851 2296 adscensurus
867 2206 1053 2290 Olympum,

159 2289 258 2352 Laeta
278 2289 470 2354 Molorcheis
491 2293 598 2374 posuit
618 2293 754 2374 vestigia
774 2292 884 2373 tectis,

160 2371 322 2456 Parvaque
345 2373 495 2438 caelestes
517 2374 656 2457 placavit
677 2375 773 2456 mica,
794 2394 854 2438 nec
874 2373 939 2436 illis

161 2456 292 2540 Semper
313 2457 456 2520 inaurato
477 2460 586 2521 taurus
609 2458 693 2521 cadit
713 2456 820 2521 hostia
841 2477 948 2521 cornu.
1085 2467 1116 2520 lt

160 2539 224 2604 Hic
239 2561 363 2624 quoque
379 2541 421 2604 sit
435 2544 545 2625 gratus
559 2561 673 2625 parvos
688 2541 793 2623 labor,
816 2544 852 2605 ut
865 2540 926 2604 tibi
939 2540 1060 2624 possim
1113 2560 1115 2565 ⁴

160 2623 239 2688 Inde
260 2625 340 2689 alios
363 2625 502 2708 aliosque
523 2645 645 2688 memor
666 2645 727 2689 con
751 2646 846 2689 onere
867 2646 986 2689 versus.

201 2709 294 2774 Alter
315 2709 401 2773 dicat
421 2729 501 2792 opus
521 2709 631 2794 magni
652 2648 796 2774 miralrile
817 2708 945 2793 mundi,

160 2793 271 2869 Qualis
292 2794 327 2857 in
348 2793 493 2858 inmenso
515 2793 672 2858 desederit
692 2815 763 2858 aere
784 2794 895 2877 tellus,

161 2877 270 2951 Qualis
292 2879 324 2942 et
344 2877 379 2941 in
400 2899 530 2942 curvum
550 2881 668 2962 pontus
690 2878 876 2943 confluxerit
898 2877 1020 2959 orbem,
1084 2889 1117 2938 20

159 2959 204 3026 nt
223 2983 338 3046 vagus,
360 2982 378 3025 e
398 2963 491 3026 terris
514 2984 575 3046 qua
596 2984 724 3109 surpere
746 2964 874 3046 nititur,
896 2983 965 3043 aer,

160 3042 244 3109 Huic
265 3048 297 3109 et
319 3049 485 3110 contextus
505 3047 625 3130 passim
668 3050 723 3110 uat
744 3047 856 3131 igneus
878 3045 1001 3128 aether,

147 3126 378 3213 Pendentique
400 3152 494 3214 super
515 3130 701 3195 claudentem
721 3132 758 3193 ut
779 3130 886 3194 omnia
908 3129 1010 3193 caelo:

159 3212 219 3294 At,
243 3211 459 3296 quodcumque
480 3236 569 3279 meae
582 3216 733 3299 poterunt
752 3213 866 3277 audere
881 3211 1052 3295 Camenae,

161 3294 223 3360 Seu
236 3295 297 3392 tibi
311 3317 368 3379 par
381 3300 532 3380 potenmt
552 3321 620 3382 seu,
643 3297 727 3382 quod
746 3318 818 3382 spes
834 3297 966 3381 abnuit,
978 3298 1061 3361 ultro
1082 3309 1113 3359 re

161 3378 233 3443 Sive
247 3401 353 3444 mrnus
369 3380 528 3464 (certeque
543 3385 658 3447 canent
671 3382 801 3466 minus),
817 3401 911 3445 omne
925 3403 1075 3446 vovemus

160 3462 231 3528 Hoc
252 3464 327 3548 tibi,
349 3486 409 3529 neo
429 3468 520 3529 tanto
545 3472 649 3531 eareat
670 3465 749 3530 mihi
771 3467 911 3531 ommino
933 3466 1051 3531 charta
