2558 4094
157 241 200 308 32
567 243 710 300 navam
1071 241 1118 316 [r.

221 409 317 474 Lacte
338 408 469 473 madens
490 408 557 472 illic
579 402 706 471 suberat
726 406 795 471 Pan
816 406 898 471 ilicis
919 404 1049 469 umbrae

261 493 307 558 Et
327 493 413 557 facta
433 493 553 576 agresti
574 492 682 576 lignea
704 490 786 556 falce
806 490 914 573 Pales,

220 577 444 661 Pendebatque
465 577 540 661 vagi
560 575 698 660 pastoris
719 575 755 638 in
776 575 888 639 arbore
910 575 1033 656 votum,

172 673 206 725 30
262 661 397 727 Garrula
417 660 556 725 silvestri
576 660 684 724 fistula
705 680 795 723 sacra
816 658 891 741 (160,

220 744 357 830 Fistula,
381 746 432 810 cui
453 766 577 828 semper
599 743 752 809 decrescit
774 742 937 807 arundinis
959 742 1054 808 ordor

263 829 347 895 Nam
370 830 509 894 calamus
531 849 603 893 cera
623 828 767 912 iungitur
787 849 888 911 usque
908 827 1022 892 minor.

220 915 266 979 At
287 935 350 998 qua
370 912 501 978 Velabri
521 914 611 997 regio
633 915 738 996 patet,
760 913 806 976 ire
829 912 953 977 solebat

263 998 407 1084 Exiguus
428 997 522 1081 pulsa
542 1018 599 1080 per
620 997 700 1061 vada
721 997 817 1061 linter
839 1017 930 1080 aqua.

173 1094 205 1145 35
220 1082 281 1146 Illa
303 1104 397 1167 saepe
418 1081 526 1167 gregis
548 1081 606 1145 diti
627 1082 783 1164 placitura
803 1082 958 1165 magistro

263 1166 316 1230 Ad
336 1167 483 1231 iuvenem
504 1166 618 1229 festast
638 1168 729 1229 vecta
750 1166 856 1248 puella
878 1165 944 1248 die,

222 1250 303 1316 Cum
325 1272 387 1334 qua
407 1249 535 1314 fecundi
556 1249 718 1313 redierunt
739 1269 872 1312 munera
892 1249 991 1332 ruris,

264 1333 383 1400 Caseus
405 1337 437 1398 61
456 1335 567 1397 niveae
589 1331 741 1397 candidus
763 1353 864 1416 agnus
887 1332 981 1417 ovis)

222 1417 370 1503 ‘Impiger
390 1417 515 1498 Aenea,
538 1415 700 1479 volitantis
722 1416 820 1478 frater
841 1416 985 1499 Amoris,

173 1513 207 1563 40
263 1501 377 1566 Troica
399 1502 453 1584 qui
473 1499 619 1584 prologis
641 1521 731 1564 sacra
751 1498 841 1564 vehis
863 1499 999 1582 ratibus,

224 1585 293 1650 Iam
313 1585 374 1649 tibi
394 1584 569 1648 Laurentes
591 1584 740 1669 adsignat
760 1583 905 1668 Iuppiter
926 1605 1035 1669 agros„

265 1671 334 1734 Iam
355 1672 449 1734 vocat
471 1671 611 1734 errantes
632 1668 761 1752 hospita
781 1672 867 1733 terra
887 1668 993 1733 Lares.

223 1755 295 1819 Illic
316 1757 445 1819 sanctus
468 1753 544 1836 eris,
567 1775 639 1819 oum
660 1755 709 1837 te,
732 1753 926 1836 venerande,
949 1752 1077 1818 Numici

266 1838 363 1903 Vnda
384 1838 478 1903 deum
500 1837 587 1902 caelo
609 1837 732 1903 miserit
752 1836 941 1921 Indigetem.

174 1921 305 1987 4111606
327 1944 422 2006 super
442 1923 542 1987 fessas
563 1923 678 1986 volitat
697 1921 842 1986 Victoria
863 1942 999 2005 puppes,

265 2005 408 2069 Tandem
430 2005 471 2069 ad
492 2005 647 2069 Troianos
669 2005 742 2070 diva
763 2006 899 2087 superba
920 2005 1016 2069 venit

223 2087 307 2153 Ecce
329 2088 408 2152 mihi
431 2089 539 2153 lucent
559 2087 686 2152 Rutulis
708 2088 855 2152 incendia
877 2089 1005 2152 castris:

267 2172 336 2236 Iam
357 2173 417 2236 tibi
438 2171 601 2256 praedico,
624 2171 757 2236 barbare
779 2171 900 2255 Turne,
921 2193 1042 2237 necem.

224 2258 311 2321 Ante
333 2257 441 2321 oculos
462 2255 604 2320 Laurens
626 2258 764 2321 castrum
787 2278 957 2340 murusque
979 2257 1122 2322 Lavinist

176 2351 210 2402 50
266 2340 473 2424 Albaqueab
495 2341 635 2406 Ascanio
658 2339 787 2406 condita
807 2341 907 2426 longa
929 2341 1016 2406 duee.

225 2425 271 2490 Te
292 2447 355 2511 quo
378 2447 417 2490 ue
438 2426 503 2489 iam
525 2424 632 2508 video,
655 2424 751 2488 Marti
773 2425 928 2509 placitura
949 2427 1095 2491 sacerdos

266 2510 342 2593 Ilia,
396 2511 510 2574 estales
533 2509 708 2574 deseruisse
729 2509 833 2592 focos,

227 2593 485 2678 Concubitusque
506 2596 579 2658 tuos
600 2593 710 2658 fintim
731 2594 888 2677 vittasque
909 2595 1048 2659 iacentes

268 2677 312 2743 Et
333 2678 439 2762 cupidi
460 2677 500 2742 ad
521 2680 606 2761 ripas
628 2699 717 2742 arma
737 2678 848 2743 relicta
870 2678 929 2743 dei.

178 2774 211 2824 55
227 2760 356 2844 Carpite
376 2783 477 2845 nunc,
498 2762 595 2843 tauri,
618 2762 657 2826 (16
679 2765 801 2846 septem
816 2762 978 2828 montibus
992 2763 1106 2828 herbas
1112 2811 1122 2848 ,

268 2843 354 2909 Dum
375 2846 465 2909 licet:
487 2844 541 2908 hic
562 2867 697 2930 magnae
719 2847 783 2909 iam
805 2846 894 2912 locus
915 2847 1003 2910 urbis
1026 2849 1094 2912 erit

226 2929 344 3013 Roma,
365 2932 455 2992 tuum
475 2949 594 2992 nomen
614 2929 707 2993 terris
729 2929 826 2994 fatale
847 2952 882 2994 re
907 2929 1012 3014 endis,
1164 2951 1165 2954 ’

269 3014 339 3089 Qua
360 3034 417 3078 sua
439 3012 477 3076 de
499 3013 586 3077 eaelo
607 3013 763 3097 prospicit
784 3035 859 3077 arva
880 2951 991 3099 geres,

228 3099 357 3182 Quaque
378 3099 490 3181 patent
511 3099 599 3161 ortus
622 3100 654 3160 et
675 3119 736 3181 qua
757 3096 954 3165 fluitantibus
976 3102 1070 3165 undis

178 3197 212 3247 10
268 3181 351 3247 Solis
374 3181 560 3246 anhelantes
582 3182 683 3246 abluit
704 3183 806 3246 amnis
829 3204 936 3267 equos.

227 3268 323 3332 Troia
345 3266 472 3350 quidem
492 3269 569 3330 tunc
591 3287 625 3330 se
645 3266 813 3330 mirabitur
835 3271 867 3332 et
888 3257 950 3332 sibi
971 3269 1055 3334 dicet

268 3351 336 3416 Vos
356 3352 437 3415 bane
458 3354 524 3414 tam
545 3351 644 3434 longa
665 3351 862 3417 consuluisse
883 3353 943 3418 via.

226 3433 311 3500 Vera
333 3456 427 3500 cano:
450 3435 496 3500 sie
517 3456 617 3517 usque
638 3456 744 3500 sacras
766 3436 896 3501 innoxia
917 3437 1023 3501 laurus

268 3519 401 3602 Vescar‚
424 3523 457 3586 61
477 3522 640 3585 aeternum
661 3520 704 3584 sit
724 3519 804 3584 mihi
824 3520 1014 3607 virginitas’
