<?xml version="1.0" encoding="UTF-8"?>
<!DOCTYPE html PUBLIC "-//W3C//DTD XHTML 1.0 Transitional//EN"
    "http://www.w3.org/TR/xhtml1/DTD/xhtml1-transitional.dtd">
<html xmlns="http://www.w3.org/1999/xhtml" xml:lang="en" lang="en">
 <head>
  <title>
</title>
<meta http-equiv="Content-Type" content="text/html;charset=utf-8" />
  <meta name='ocr-system' content='tesseract 3.04.00' />
  <meta name='ocr-capabilities' content='ocr_page ocr_carea ocr_par ocr_line ocrx_word'/>
</head>
<body>
  <div class='ocr_page' id='page_1' title='image "albiitibvlli00tibugoog_0059.png"; bbox 0 0 2558 4094; ppageno 0'>
   <div class='ocr_carea' id='block_1_1' title="bbox 120 240 1081 342">
    <p class='ocr_par' dir='ltr' id='par_1_1' title="bbox 120 240 1081 342">
     <span class='ocr_line' id='line_1_1' title="bbox 120 240 1081 342; baseline 0.003 -11"><span class='ocrx_word' id='word_1_1' title='bbox 120 271 190 342; x_wconf 75' lang='lat' dir='ltr'>au]</span> <span class='ocrx_word' id='word_1_2' title='bbox 509 272 616 328; x_wconf 79' lang='lat' dir='ltr'>umus</span> <span class='ocrx_word' id='word_1_3' title='bbox 636 273 697 331; x_wconf 83' lang='lat' dir='ltr'>un</span> <span class='ocrx_word' id='word_1_4' title='bbox 1017 240 1081 334; x_wconf 66' lang='lat'>&#39;55</span> 
     </span>
    </p>
   </div>
   <div class='ocr_carea' id='block_1_2' title="bbox 120 434 1103 856">
    <p class='ocr_par' dir='ltr' id='par_1_2' title="bbox 161 434 849 522">
     <span class='ocr_line' id='line_1_2' title="bbox 161 434 849 522; baseline 0.001 -23"><span class='ocrx_word' id='word_1_5' title='bbox 161 435 268 519; x_wconf 84' lang='lat' dir='ltr'>Atque</span> <span class='ocrx_word' id='word_1_6' title='bbox 289 435 441 500; x_wconf 86' lang='lat' dir='ltr'>Arretino</span> <span class='ocrx_word' id='word_1_7' title='bbox 463 434 598 520; x_wconf 83' lang='lat' dir='ltr'>frigidus</span> <span class='ocrx_word' id='word_1_8' title='bbox 621 436 726 501; x_wconf 89' lang='lat' dir='ltr'>amnis</span> <span class='ocrx_word' id='word_1_9' title='bbox 749 436 849 522; x_wconf 79' lang='lat' dir='ltr'>agro?</span> 
     </span>
    </p>

    <p class='ocr_par' dir='ltr' id='par_1_3' title="bbox 120 518 1080 689">
     <span class='ocr_line' id='line_1_3' title="bbox 120 518 1080 605; baseline -0.001 -22"><span class='ocrx_word' id='word_1_10' title='bbox 120 518 204 602; x_wconf 85' lang='lat' dir='ltr'>Iam,</span> <span class='ocrx_word' id='word_1_11' title='bbox 226 520 359 584; x_wconf 91' lang='lat' dir='ltr'>nimium</span> <span class='ocrx_word' id='word_1_12' title='bbox 382 519 531 584; x_wconf 80' lang='lat' dir='ltr'><strong>Messalla</strong></span> <span class='ocrx_word' id='word_1_13' title='bbox 551 520 613 584; x_wconf 91' lang='lat' dir='ltr'>mei</span> <span class='ocrx_word' id='word_1_14' title='bbox 636 521 791 605; x_wconf 74' lang='lat' dir='ltr'>studiose,</span> <span class='ocrx_word' id='word_1_15' title='bbox 814 521 972 604; x_wconf 79' lang='lat' dir='ltr'>quiescas,</span> <span class='ocrx_word' id='word_1_16' title='bbox 1063 531 1080 582; x_wconf 79' lang='grc'>5</span> 
     </span>
     <span class='ocr_line' id='line_1_4' title="bbox 161 602 880 689; baseline 0.004 -22"><span class='ocrx_word' id='word_1_17' title='bbox 161 602 236 667; x_wconf 88' lang='lat' dir='ltr'>Non</span> <span class='ocrx_word' id='word_1_18' title='bbox 257 604 464 686; x_wconf 85' lang='lat' dir='ltr'>tempestivae</span> <span class='ocrx_word' id='word_1_19' title='bbox 487 625 580 687; x_wconf 81' lang='lat' dir='ltr'>saepe</span> <span class='ocrx_word' id='word_1_20' title='bbox 601 605 779 689; x_wconf 89' lang='lat' dir='ltr'>propinque</span> <span class='ocrx_word' id='word_1_21' title='bbox 800 606 880 671; x_wconf 85' lang='lat' dir='ltr'>viee.</span> 
     </span>
    </p>

    <p class='ocr_par' dir='ltr' id='par_1_4' title="bbox 121 685 1103 856">
     <span class='ocr_line' id='line_1_5' title="bbox 121 685 1103 774; baseline 0.002 -21"><span class='ocrx_word' id='word_1_22' title='bbox 121 685 183 753; x_wconf 86' lang='lat' dir='ltr'>Hie</span> <span class='ocrx_word' id='word_1_23' title='bbox 205 687 344 751; x_wconf 89' lang='lat' dir='ltr'>animum</span> <span class='ocrx_word' id='word_1_24' title='bbox 367 708 540 771; x_wconf 87' lang='lat' dir='ltr'>sensusque</span> <span class='ocrx_word' id='word_1_25' title='bbox 562 709 649 752; x_wconf 90' lang='lat' dir='ltr'>meos</span> <span class='ocrx_word' id='word_1_26' title='bbox 673 688 807 754; x_wconf 80' lang='lat' dir='ltr'>abducta</span> <span class='ocrx_word' id='word_1_27' title='bbox 828 691 989 774; x_wconf 87' lang='lat' dir='ltr'>relinquo,</span> <span class='ocrx_word' id='word_1_28' title='bbox 1101 707 1103 712; x_wconf 90' lang='grc'><strong><em>·</em></strong></span> 
     </span>
     <span class='ocr_line' id='line_1_6' title="bbox 162 772 995 856; baseline 0.004 -21"><span class='ocrx_word' id='word_1_29' title='bbox 162 772 305 836; x_wconf 75' lang='lat' dir='ltr'>Arbitrio</span> <span class='ocrx_word' id='word_1_30' title='bbox 327 772 476 856; x_wconf 87' lang='lat' dir='ltr'>quoniam</span> <span class='ocrx_word' id='word_1_31' title='bbox 498 792 564 835; x_wconf 91' lang='lat' dir='ltr'>non</span> <span class='ocrx_word' id='word_1_32' title='bbox 586 773 664 836; x_wconf 91' lang='lat' dir='ltr'>sinis</span> <span class='ocrx_word' id='word_1_33' title='bbox 687 795 753 838; x_wconf 87' lang='lat' dir='ltr'>esse</span> <span class='ocrx_word' id='word_1_34' title='bbox 776 794 857 838; x_wconf 91' lang='lat' dir='ltr'>me0.</span> <span class='ocrx_word' id='word_1_35' title='bbox 993 804 995 808; x_wconf 68' lang='lat'>,</span> 
     </span>
    </p>
   </div>
   <div class='ocr_carea' id='block_1_3' title="bbox 120 1003 919 1276">
    <p class='ocr_par' dir='ltr' id='par_1_5' title="bbox 120 1003 919 1276">
     <span class='ocr_line' id='line_1_7' title="bbox 546 1003 658 1078; baseline 0.018 -2"><span class='ocrx_word' id='word_1_36' title='bbox 546 1003 658 1078; x_wconf 83' lang='lat' dir='ltr'>VIIII.</span> 
     </span>
     <span class='ocr_line' id='line_1_8' title="bbox 120 1125 919 1212; baseline 0.004 -22"><span class='ocrx_word' id='word_1_37' title='bbox 120 1125 189 1190; x_wconf 87' lang='lat' dir='ltr'>Sois</span> <span class='ocrx_word' id='word_1_38' title='bbox 210 1126 272 1191; x_wconf 89' lang='lat' dir='ltr'>iter</span> <span class='ocrx_word' id='word_1_39' title='bbox 293 1148 332 1190; x_wconf 86' lang='lat' dir='ltr'>ex</span> <span class='ocrx_word' id='word_1_40' title='bbox 353 1126 459 1191; x_wconf 88' lang='lat' dir='ltr'>animo</span> <span class='ocrx_word' id='word_1_41' title='bbox 481 1125 640 1190; x_wconf 88' lang='lat' dir='ltr'>sublatum</span> <span class='ocrx_word' id='word_1_42' title='bbox 662 1128 753 1192; x_wconf 87' lang='lat' dir='ltr'>triste</span> <span class='ocrx_word' id='word_1_43' title='bbox 774 1127 919 1212; x_wconf 80' lang='lat' dir='ltr'>puellae?</span> 
     </span>
     <span class='ocr_line' id='line_1_9' title="bbox 161 1209 772 1276; baseline 0.003 -2"><span class='ocrx_word' id='word_1_44' title='bbox 161 1209 272 1275; x_wconf 84' lang='lat' dir='ltr'>Natali</span> <span class='ocrx_word' id='word_1_45' title='bbox 292 1210 412 1275; x_wconf 81' lang='lat' dir='ltr'>Romae</span> <span class='ocrx_word' id='word_1_46' title='bbox 433 1211 498 1274; x_wconf 86' lang='lat' dir='ltr'>iam</span> <span class='ocrx_word' id='word_1_47' title='bbox 520 1210 596 1275; x_wconf 88' lang='lat' dir='ltr'>lioet</span> <span class='ocrx_word' id='word_1_48' title='bbox 616 1232 686 1275; x_wconf 89' lang='lat' dir='ltr'>esse</span> <span class='ocrx_word' id='word_1_49' title='bbox 707 1215 772 1276; x_wconf 87' lang='lat' dir='ltr'>tuo.</span> 
     </span>
    </p>
   </div>
   <div class='ocr_carea' id='block_1_4' title="bbox 120 1295 881 1463">
    <p class='ocr_par' dir='ltr' id='par_1_6' title="bbox 120 1295 881 1463">
     <span class='ocr_line' id='line_1_10' title="bbox 120 1295 861 1381; baseline -0.001 -21"><span class='ocrx_word' id='word_1_50' title='bbox 120 1295 276 1360; x_wconf 88' lang='lat' dir='ltr'>Omnibus</span> <span class='ocrx_word' id='word_1_51' title='bbox 297 1295 351 1359; x_wconf 88' lang='lat' dir='ltr'>ille</span> <span class='ocrx_word' id='word_1_52' title='bbox 373 1295 441 1359; x_wconf 90' lang='lat' dir='ltr'>dies</span> <span class='ocrx_word' id='word_1_53' title='bbox 461 1295 555 1359; x_wconf 93' lang='lat' dir='ltr'>nobis</span> <span class='ocrx_word' id='word_1_54' title='bbox 576 1295 712 1381; x_wconf 81' lang='lat' dir='ltr'>genialis</span> <span class='ocrx_word' id='word_1_55' title='bbox 735 1298 861 1380; x_wconf 77' lang='lat' dir='ltr'>agatur,</span> 
     </span>
     <span class='ocr_line' id='line_1_11' title="bbox 162 1378 881 1463; baseline 0.003 -21"><span class='ocrx_word' id='word_1_56' title='bbox 162 1378 223 1454; x_wconf 82' lang='lat' dir='ltr'>Qui</span> <span class='ocrx_word' id='word_1_57' title='bbox 245 1401 303 1444; x_wconf 88' lang='lat' dir='ltr'>neo</span> <span class='ocrx_word' id='word_1_58' title='bbox 326 1380 470 1463; x_wconf 78' lang='lat' dir='ltr'>opinanti</span> <span class='ocrx_word' id='word_1_59' title='bbox 492 1401 578 1444; x_wconf 89' lang='lat' dir='ltr'>nuno</span> <span class='ocrx_word' id='word_1_60' title='bbox 599 1380 658 1444; x_wconf 91' lang='lat' dir='ltr'>tibi</span> <span class='ocrx_word' id='word_1_61' title='bbox 680 1380 763 1444; x_wconf 76' lang='lat' dir='ltr'>fonte</span> <span class='ocrx_word' id='word_1_62' title='bbox 786 1381 881 1445; x_wconf 81' lang='lat' dir='ltr'>venit</span> 
     </span>
    </p>
   </div>
   <div class='ocr_carea' id='block_1_5' title="bbox 121 1611 1019 1816">
    <p class='ocr_par' dir='ltr' id='par_1_7' title="bbox 121 1611 1019 1816">
     <span class='ocr_line' id='line_1_12' title="bbox 578 1611 622 1685; baseline 0.068 -3"><span class='ocrx_word' id='word_1_63' title='bbox 578 1611 622 1685; x_wconf 89' lang='lat' dir='ltr'>X.</span> 
     </span>
     <span class='ocr_line' id='line_1_13' title="bbox 121 1732 1019 1816; baseline 0.002 -19"><span class='ocrx_word' id='word_1_64' title='bbox 121 1732 302 1816; x_wconf 78' lang='lat' dir='ltr'>Gratimst,</span> <span class='ocrx_word' id='word_1_65' title='bbox 326 1754 454 1798; x_wconf 89' lang='lat' dir='ltr'>seourus</span> <span class='ocrx_word' id='word_1_66' title='bbox 476 1733 610 1796; x_wconf 89' lang='lat' dir='ltr'>multum</span> <span class='ocrx_word' id='word_1_67' title='bbox 633 1734 718 1816; x_wconf 90' lang='lat' dir='ltr'>quod</span> <span class='ocrx_word' id='word_1_68' title='bbox 740 1733 803 1797; x_wconf 85' lang='lat' dir='ltr'>iem</span> <span class='ocrx_word' id='word_1_69' title='bbox 825 1732 885 1797; x_wconf 90' lang='lat' dir='ltr'>tibi</span> <span class='ocrx_word' id='word_1_70' title='bbox 907 1733 946 1797; x_wconf 89' lang='lat' dir='ltr'>de</span> <span class='ocrx_word' id='word_1_71' title='bbox 968 1753 1019 1800; x_wconf 85' lang='lat' dir='ltr'>me</span> 
     </span>
    </p>
   </div>
   <div class='ocr_carea' id='block_1_6' title="bbox 121 1817 1082 2240">
    <p class='ocr_par' dir='ltr' id='par_1_8' title="bbox 161 1817 911 1901">
     <span class='ocr_line' id='line_1_14' title="bbox 161 1817 911 1901; baseline 0 -20"><span class='ocrx_word' id='word_1_72' title='bbox 161 1817 338 1901; x_wconf 86' lang='lat' dir='ltr'>Permittis,</span> <span class='ocrx_word' id='word_1_73' title='bbox 361 1817 466 1881; x_wconf 89' lang='lat' dir='ltr'>subito</span> <span class='ocrx_word' id='word_1_74' title='bbox 488 1838 529 1880; x_wconf 91' lang='lat' dir='ltr'>ne</span> <span class='ocrx_word' id='word_1_75' title='bbox 552 1817 633 1880; x_wconf 88' lang='lat' dir='ltr'>male</span> <span class='ocrx_word' id='word_1_76' title='bbox 655 1819 764 1900; x_wconf 89' lang='lat' dir='ltr'>inepta</span> <span class='ocrx_word' id='word_1_77' title='bbox 785 1817 911 1899; x_wconf 86' lang='lat' dir='ltr'>eadam,</span> 
     </span>
    </p>

    <p class='ocr_par' dir='ltr' id='par_1_9' title="bbox 122 1900 960 2070">
     <span class='ocr_line' id='line_1_15' title="bbox 122 1900 960 1986; baseline 0 -20"><span class='ocrx_word' id='word_1_78' title='bbox 122 1900 156 1966; x_wconf 88' lang='lat' dir='ltr'>Si</span> <span class='ocrx_word' id='word_1_79' title='bbox 176 1901 236 1967; x_wconf 89' lang='lat' dir='ltr'>tibi</span> <span class='ocrx_word' id='word_1_80' title='bbox 258 1923 333 1965; x_wconf 86' lang='lat' dir='ltr'>ours</span> <span class='ocrx_word' id='word_1_81' title='bbox 353 1905 448 1986; x_wconf 80' lang='lat' dir='ltr'>togae</span> <span class='ocrx_word' id='word_1_82' title='bbox 469 1901 576 1985; x_wconf 88' lang='lat' dir='ltr'>potior</span> <span class='ocrx_word' id='word_1_83' title='bbox 597 1922 803 1984; x_wconf 89' lang='lat' dir='ltr'>pressumque</span> <span class='ocrx_word' id='word_1_84' title='bbox 825 1901 960 1985; x_wconf 91' lang='lat' dir='ltr'>quasillo</span> 
     </span>
     <span class='ocr_line' id='line_1_16' title="bbox 164 1984 802 2070; baseline -0.002 -19"><span class='ocrx_word' id='word_1_85' title='bbox 164 1984 311 2051; x_wconf 79' lang='lat' dir='ltr'>Scortum</span> <span class='ocrx_word' id='word_1_86' title='bbox 332 2007 428 2070; x_wconf 85' lang='lat' dir='ltr'>quam</span> <span class='ocrx_word' id='word_1_87' title='bbox 449 1984 540 2051; x_wconf 83' lang='lat' dir='ltr'>Servi</span> <span class='ocrx_word' id='word_1_88' title='bbox 561 1985 627 2049; x_wconf 86' lang='lat' dir='ltr'>filia</span> <span class='ocrx_word' id='word_1_89' title='bbox 648 1984 802 2069; x_wconf 80' lang='lat' dir='ltr'>Sulpicia:</span> 
     </span>
    </p>

    <p class='ocr_par' dir='ltr' id='par_1_10' title="bbox 121 2069 1082 2240">
     <span class='ocr_line' id='line_1_17' title="bbox 121 2069 1082 2154; baseline -0.001 -19"><span class='ocrx_word' id='word_1_90' title='bbox 121 2069 255 2136; x_wconf 79' lang='lat' dir='ltr'>Solliciti</span> <span class='ocrx_word' id='word_1_91' title='bbox 279 2075 354 2134; x_wconf 88' lang='lat' dir='ltr'>sunt</span> <span class='ocrx_word' id='word_1_92' title='bbox 374 2091 432 2154; x_wconf 88' lang='lat' dir='ltr'>pro</span> <span class='ocrx_word' id='word_1_93' title='bbox 454 2070 563 2152; x_wconf 88' lang='lat' dir='ltr'>nobis,</span> <span class='ocrx_word' id='word_1_94' title='bbox 586 2070 699 2153; x_wconf 91' lang='lat' dir='ltr'>quibus</span> <span class='ocrx_word' id='word_1_95' title='bbox 722 2070 778 2134; x_wconf 90' lang='lat' dir='ltr'>illa</span> <span class='ocrx_word' id='word_1_96' title='bbox 799 2069 934 2154; x_wconf 87' lang='lat' dir='ltr'>doloris,</span> <span class='ocrx_word' id='word_1_97' title='bbox 1063 2078 1082 2134; x_wconf 78' lang='lat'>5</span> 
     </span>
     <span class='ocr_line' id='line_1_18' title="bbox 162 2149 893 2240; baseline 0 -21"><span class='ocrx_word' id='word_1_98' title='bbox 162 2149 344 2220; x_wconf 75' lang='lat' dir='ltr'>Ne&#39;oedam</span> <span class='ocrx_word' id='word_1_99' title='bbox 366 2156 494 2240; x_wconf 83' lang='lat' dir='ltr'>ignoto,</span> <span class='ocrx_word' id='word_1_100' title='bbox 519 2155 658 2218; x_wconf 85' lang='lat' dir='ltr'>maxima</span> <span class='ocrx_word' id='word_1_101' title='bbox 679 2176 789 2237; x_wconf 82' lang='lat' dir='ltr'>eausa,</span> <span class='ocrx_word' id='word_1_102' title='bbox 810 2158 893 2219; x_wconf 89' lang='lat' dir='ltr'>toro.</span> 
     </span>
    </p>
   </div>
   <div class='ocr_carea' id='block_1_7' title="bbox 527 2294 676 2302">
    <p class='ocr_par' dir='ltr' id='par_1_11' title="bbox 527 2294 676 2302">
     <span class='ocr_line' id='line_1_19' title="bbox 527 2294 676 2302; baseline -0.007 0"><span class='ocrx_word' id='word_1_103' title='bbox 527 2294 676 2302; x_wconf 76' lang='lat'><em>—————-</em></span> 
     </span>
    </p>
   </div>
   <div class='ocr_carea' id='block_1_8' title="bbox 566 2385 627 2459">
    <p class='ocr_par' dir='ltr' id='par_1_12' title="bbox 566 2385 627 2459">
     <span class='ocr_line' id='line_1_20' title="bbox 566 2385 627 2459; baseline 0.016 -1"><span class='ocrx_word' id='word_1_104' title='bbox 566 2385 627 2459; x_wconf 87' lang='lat' dir='ltr'>XI.</span> 
     </span>
    </p>
   </div>
   <div class='ocr_carea' id='block_1_9' title="bbox 122 2507 1085 3014">
    <p class='ocr_par' dir='ltr' id='par_1_13' title="bbox 122 2507 963 2674">
     <span class='ocr_line' id='line_1_21' title="bbox 122 2507 934 2592; baseline 0.001 -20"><span class='ocrx_word' id='word_1_105' title='bbox 122 2507 223 2573; x_wconf 84' lang='lat' dir='ltr'>Estne</span> <span class='ocrx_word' id='word_1_106' title='bbox 244 2508 320 2589; x_wconf 88' lang='lat' dir='ltr'>tibi,</span> <span class='ocrx_word' id='word_1_107' title='bbox 344 2507 508 2590; x_wconf 80' lang='lat' dir='ltr'>Cerinthe‚</span> <span class='ocrx_word' id='word_1_108' title='bbox 530 2511 603 2571; x_wconf 86' lang='lat' dir='ltr'>tuae</span> <span class='ocrx_word' id='word_1_109' title='bbox 624 2507 679 2591; x_wconf 84' lang='lat' dir='ltr'>pia</span> <span class='ocrx_word' id='word_1_110' title='bbox 700 2527 775 2572; x_wconf 81' lang='lat' dir='ltr'>eura</span> <span class='ocrx_word' id='word_1_111' title='bbox 795 2509 934 2592; x_wconf 85' lang='lat' dir='ltr'>puellae,</span> 
     </span>
     <span class='ocr_line' id='line_1_22' title="bbox 166 2591 963 2674; baseline -0.001 -18"><span class='ocrx_word' id='word_1_112' title='bbox 166 2592 258 2668; x_wconf 86' lang='lat' dir='ltr'>Quod</span> <span class='ocrx_word' id='word_1_113' title='bbox 278 2614 350 2657; x_wconf 83' lang='lat' dir='ltr'>mea</span> <span class='ocrx_word' id='word_1_114' title='bbox 369 2614 455 2656; x_wconf 86' lang='lat' dir='ltr'>nuno</span> <span class='ocrx_word' id='word_1_115' title='bbox 476 2595 570 2656; x_wconf 86' lang='lat' dir='ltr'>vexat</span> <span class='ocrx_word' id='word_1_116' title='bbox 592 2612 725 2674; x_wconf 82' lang='lat' dir='ltr'>corpora</span> <span class='ocrx_word' id='word_1_117' title='bbox 745 2592 829 2657; x_wconf 86' lang='lat' dir='ltr'>fessa</span> <span class='ocrx_word' id='word_1_118' title='bbox 852 2591 963 2657; x_wconf 79' lang='lat' dir='ltr'>color?</span> 
     </span>
    </p>

    <p class='ocr_par' dir='ltr' id='par_1_14' title="bbox 123 2675 937 2846">
     <span class='ocr_line' id='line_1_23' title="bbox 123 2675 909 2762; baseline -0.003 -21"><span class='ocrx_word' id='word_1_119' title='bbox 123 2679 153 2741; x_wconf 80' lang='lat' dir='ltr'><strong>A</strong></span> <span class='ocrx_word' id='word_1_120' title='bbox 176 2698 235 2762; x_wconf 83' lang='lat' dir='ltr'>ego</span> <span class='ocrx_word' id='word_1_121' title='bbox 258 2698 325 2741; x_wconf 92' lang='lat' dir='ltr'>non</span> <span class='ocrx_word' id='word_1_122' title='bbox 347 2677 439 2741; x_wconf 82' lang='lat' dir='ltr'>aliter</span> <span class='ocrx_word' id='word_1_123' title='bbox 460 2677 566 2741; x_wconf 78' lang='lat' dir='ltr'>tristes</span> <span class='ocrx_word' id='word_1_124' title='bbox 589 2675 733 2741; x_wconf 80' lang='lat' dir='ltr'>evincere</span> <span class='ocrx_word' id='word_1_125' title='bbox 754 2677 909 2740; x_wconf 85' lang='lat' dir='ltr'>morbos.</span> 
     </span>
     <span class='ocr_line' id='line_1_24' title="bbox 165 2760 937 2846; baseline -0.001 -20"><span class='ocrx_word' id='word_1_126' title='bbox 165 2761 327 2846; x_wconf 89' lang='lat' dir='ltr'>Optarim,</span> <span class='ocrx_word' id='word_1_127' title='bbox 351 2782 445 2844; x_wconf 90' lang='lat' dir='ltr'>quam</span> <span class='ocrx_word' id='word_1_128' title='bbox 466 2764 498 2824; x_wconf 88' lang='lat' dir='ltr'>te</span> <span class='ocrx_word' id='word_1_129' title='bbox 520 2760 548 2824; x_wconf 92' lang='lat' dir='ltr'>si</span> <span class='ocrx_word' id='word_1_130' title='bbox 590 2779 694 2843; x_wconf 90' lang='lat' dir='ltr'>uoque</span> <span class='ocrx_word' id='word_1_131' title='bbox 716 2761 797 2825; x_wconf 87' lang='lat' dir='ltr'>velle</span> <span class='ocrx_word' id='word_1_132' title='bbox 819 2763 937 2845; x_wconf 89' lang='lat' dir='ltr'>putem.</span> 
     </span>
    </p>

    <p class='ocr_par' dir='ltr' id='par_1_15' title="bbox 124 2780 1085 3014">
     <span class='ocr_line' id='line_1_25' title="bbox 124 2780 1085 2930; baseline -0.002 -19"><span class='ocrx_word' id='word_1_133' title='bbox 124 2849 169 2911; x_wconf 86' lang='lat' dir='ltr'>At</span> <span class='ocrx_word' id='word_1_134' title='bbox 189 2846 269 2910; x_wconf 93' lang='lat' dir='ltr'>mihi</span> <span class='ocrx_word' id='word_1_135' title='bbox 291 2846 366 2929; x_wconf 90' lang='lat' dir='ltr'>quid</span> <span class='ocrx_word' id='word_1_136' title='bbox 387 2846 489 2930; x_wconf 88' lang='lat' dir='ltr'>prosit</span> <span class='ocrx_word' id='word_1_137' title='bbox 510 2780 639 2909; x_wconf 82' lang='lat' dir='ltr'>moibos</span> <span class='ocrx_word' id='word_1_138' title='bbox 662 2844 821 2928; x_wconf 84' lang='lat' dir='ltr'>evincere,</span> <span class='ocrx_word' id='word_1_139' title='bbox 846 2849 976 2910; x_wconf 83' lang='lat' dir='ltr'>sumtu</span> <span class='ocrx_word' id='word_1_140' title='bbox 1067 2854 1085 2909; x_wconf 73' lang='grc'>5</span> 
     </span>
     <span class='ocr_line' id='line_1_26' title="bbox 165 2929 887 3014; baseline -0.001 -18"><span class='ocrx_word' id='word_1_141' title='bbox 165 2931 284 2997; x_wconf 85' lang='lat' dir='ltr'>Nostra</span> <span class='ocrx_word' id='word_1_142' title='bbox 305 2934 396 3014; x_wconf 87' lang='lat' dir='ltr'>potes</span> <span class='ocrx_word' id='word_1_143' title='bbox 418 2932 505 2995; x_wconf 87' lang='lat' dir='ltr'>lento</span> <span class='ocrx_word' id='word_1_144' title='bbox 526 2931 656 3013; x_wconf 80' lang='lat' dir='ltr'>pectore</span> <span class='ocrx_word' id='word_1_145' title='bbox 678 2929 760 2994; x_wconf 85' lang='lat' dir='ltr'>ferre</span> <span class='ocrx_word' id='word_1_146' title='bbox 782 2930 887 2996; x_wconf 79' lang='lat' dir='ltr'>mala?</span> 
     </span>
    </p>
   </div>
   <div class='ocr_carea' id='block_1_10' title="bbox 564 3178 643 3252">
    <p class='ocr_par' dir='ltr' id='par_1_16' title="bbox 564 3178 643 3252">
     <span class='ocr_line' id='line_1_27' title="bbox 564 3178 643 3252; baseline 0 -1"><span class='ocrx_word' id='word_1_147' title='bbox 564 3178 643 3252; x_wconf 90' lang='grc' dir='ltr'>ΧΠ.</span> 
     </span>
    </p>
   </div>
   <div class='ocr_carea' id='block_1_11' title="bbox 54 3299 980 3638">
    <p class='ocr_par' dir='ltr' id='par_1_17' title="bbox 54 3299 980 3468">
     <span class='ocr_line' id='line_1_28' title="bbox 54 3299 980 3385; baseline -0.003 -19"><span class='ocrx_word' id='word_1_148' title='bbox 54 3353 57 3360; x_wconf 95' lang='grc'>.</span> <span class='ocrx_word' id='word_1_149' title='bbox 124 3301 173 3366; x_wconf 88' lang='lat' dir='ltr'>Ne</span> <span class='ocrx_word' id='word_1_150' title='bbox 194 3302 254 3366; x_wconf 92' lang='lat' dir='ltr'>tibi</span> <span class='ocrx_word' id='word_1_151' title='bbox 273 3302 347 3383; x_wconf 81' lang='lat' dir='ltr'>sim,</span> <span class='ocrx_word' id='word_1_152' title='bbox 368 3323 439 3366; x_wconf 84' lang='lat' dir='ltr'>mea</span> <span class='ocrx_word' id='word_1_153' title='bbox 458 3303 526 3385; x_wconf 86' lang='lat' dir='ltr'>lux,</span> <span class='ocrx_word' id='word_1_154' title='bbox 548 3322 646 3385; x_wconf 88' lang='lat' dir='ltr'>aeque</span> <span class='ocrx_word' id='word_1_155' title='bbox 666 3301 730 3365; x_wconf 87' lang='lat' dir='ltr'>iem</span> <span class='ocrx_word' id='word_1_156' title='bbox 749 3299 871 3364; x_wconf 85' lang='lat' dir='ltr'>fervida</span> <span class='ocrx_word' id='word_1_157' title='bbox 892 3320 980 3384; x_wconf 81' lang='lat' dir='ltr'>eura,</span> 
     </span>
     <span class='ocr_line' id='line_1_29' title="bbox 166 3383 804 3468; baseline -0.006 -17"><span class='ocrx_word' id='word_1_158' title='bbox 166 3389 214 3451; x_wconf 83' lang='lat' dir='ltr'>Ao</span> <span class='ocrx_word' id='word_1_159' title='bbox 236 3385 345 3450; x_wconf 85' lang='lat' dir='ltr'>videor</span> <span class='ocrx_word' id='word_1_160' title='bbox 365 3407 485 3468; x_wconf 82' lang='lat' dir='ltr'>pausos</span> <span class='ocrx_word' id='word_1_161' title='bbox 506 3390 580 3450; x_wconf 87' lang='lat' dir='ltr'>ante</span> <span class='ocrx_word' id='word_1_162' title='bbox 601 3385 700 3450; x_wconf 82' lang='lat' dir='ltr'>fuisse</span> <span class='ocrx_word' id='word_1_163' title='bbox 722 3383 804 3466; x_wconf 85' lang='lat' dir='ltr'>dies,</span> 
     </span>
    </p>

    <p class='ocr_par' dir='ltr' id='par_1_18' title="bbox 124 3468 897 3638">
     <span class='ocr_line' id='line_1_30' title="bbox 124 3468 897 3554; baseline -0.006 -18"><span class='ocrx_word' id='word_1_164' title='bbox 124 3470 178 3537; x_wconf 79' lang='lat' dir='ltr'>sio</span> <span class='ocrx_word' id='word_1_165' title='bbox 200 3471 367 3554; x_wconf 82' lang='lat' dir='ltr'>quisquam</span> <span class='ocrx_word' id='word_1_166' title='bbox 388 3473 458 3533; x_wconf 88' lang='lat' dir='ltr'>tota</span> <span class='ocrx_word' id='word_1_167' title='bbox 479 3469 613 3534; x_wconf 89' lang='lat' dir='ltr'>oonmisi</span> <span class='ocrx_word' id='word_1_168' title='bbox 635 3469 734 3533; x_wconf 88' lang='lat' dir='ltr'>stulta</span> <span class='ocrx_word' id='word_1_169' title='bbox 753 3468 897 3551; x_wconf 78' lang='lat' dir='ltr'>iuventa,</span> 
     </span>
     <span class='ocr_line' id='line_1_31' title="bbox 167 3553 814 3638; baseline -0.009 -17"><span class='ocrx_word' id='word_1_170' title='bbox 167 3553 264 3621; x_wconf 80' lang='lat' dir='ltr'>Cuius</span> <span class='ocrx_word' id='word_1_171' title='bbox 286 3577 337 3619; x_wconf 92' lang='lat' dir='ltr'>me</span> <span class='ocrx_word' id='word_1_172' title='bbox 360 3554 460 3617; x_wconf 84' lang='lat' dir='ltr'>fatear</span> <span class='ocrx_word' id='word_1_173' title='bbox 481 3553 675 3638; x_wconf 83' lang='lat' dir='ltr'>poenituisse</span> <span class='ocrx_word' id='word_1_174' title='bbox 697 3553 814 3638; x_wconf 80' lang='lat' dir='ltr'>magis,</span> 
     </span>
    </p>
   </div>
   <div class='ocr_carea' id='block_1_12' title="bbox 0 0 1289 4094">
    <p class='ocr_par' dir='ltr' id='par_1_19' title="bbox 0 0 1289 4094">
     <span class='ocr_line' id='line_1_32' title="bbox 0 0 1289 4094; baseline 0 0"><span class='ocrx_word' id='word_1_175' title='bbox 0 0 1289 4094; x_wconf 95' lang='lat' dir='ltr'> </span> 
     </span>
    </p>
   </div>
  </div>
 </body>
</html>
