2558 4094
211 294 253 360 26
624 296 767 354 rmvnm
1137 299 1171 369 [1.

227 475 261 523 το
316 461 357 526 Ei
377 460 472 543 mihi,
496 482 590 546 quam
614 461 724 526 doctas
746 482 831 526 nunc
851 459 948 524 habet
968 460 1022 524 ille
1043 461 1169 525 manus!

276 545 345 612 Neo
366 546 517 629 pecudes,
539 546 735 628 volutante,
757 545 852 630 petit:
873 545 978 609 fixisse
1000 544 1123 628 puellas

320 628 423 695 Gestit
445 632 477 694 et
497 629 632 695 audaces
652 629 868 714 perdomuisse
889 629 984 694 viros.

277 713 339 778 Hic
360 714 467 779 iuveni
489 714 625 778 detraxit
647 735 738 798 opes,
760 713 813 778 hic
835 713 939 778 dicere
959 713 1054 778 iussit

319 797 432 863 Limon
452 798 492 862 ad
512 798 611 862 iratae
631 798 728 862 verba
748 797 895 882 pudenda
916 819 1038 863 senem:

229 895 261 945 75
276 881 347 948 Hoc
369 883 447 948 duce
469 882 614 947 custodes
636 882 745 947 furtim
766 886 967 967 transgressa
987 883 1126 948 iacentes

320 967 372 1031 Ad
393 967 539 1031 iuvenem
560 967 699 1031 tenebris
721 968 791 1031 sola
810 967 917 1050 puella
937 967 1025 1031 venit

276 1050 321 1116 Et
341 1052 475 1135 pedibus
495 1054 707 1135 praetemptat
727 1052 788 1115 iter
810 1072 961 1135 suspensa
981 1051 1113 1132 timore,

319 1134 476 1219 Explorat
496 1157 605 1200 caecas
628 1135 678 1201 oui
700 1157 812 1200 manus
835 1137 908 1199 ante
929 1135 1006 1199 vias.

277 1219 308 1282 A
329 1220 452 1303 miseri,
474 1241 553 1302 quos
573 1218 626 1284 hic
647 1220 787 1305 graviter
808 1219 884 1282 deus
904 1220 1009 1304 urget!
1032 1222 1066 1282 at
1086 1218 1141 1282 ille

228 1315 263 1365 80
317 1303 425 1388 Felix,
448 1305 499 1367 oui
519 1303 663 1388 placidus
685 1304 799 1368 leniter
820 1303 916 1367 adflat
937 1305 1046 1366 Amor.

279 1385 408 1470 Sancte,
429 1387 502 1451 veni
524 1388 565 1451 da
587 1387 657 1453 ibus
678 1387 784 1471 festis,
807 1387 862 1451 sed
883 1408 966 1470 pone
989 1387 1123 1470 sagittas

320 1470 364 1535 Et
383 1472 495 1555 procul
516 1411 662 1535 ardientes
683 1469 759 1535 hinc
779 1492 891 1554 precor
912 1470 992 1534 abde
1013 1471 1109 1534 laces.

278 1553 345 1619 Vos
367 1555 523 1620 celebrem
545 1558 670 1620 cantate
692 1555 785 1619 deum
805 1555 973 1639 pecorique
994 1557 1114 1618 vocate.

319 1638 408 1704 Voce
428 1641 535 1724 palam
557 1640 680 1724 pecori,
703 1640 784 1704 clam
806 1639 868 1704 sibi
890 1640 1021 1723 quisque
1042 1641 1143 1703 vocet.

228 1735 262 1785 85
276 1724 344 1788 Aut
365 1725 460 1789 etiam
482 1724 544 1789 sibi
565 1725 697 1809 quisquo
716 1725 836 1808 palam:
857 1746 932 1788 nam
952 1723 1047 1788 turba
1066 1723 1173 1788 iocosa

322 1807 484 1892 Obstrepit
505 1812 537 1874 et
557 1809 698 1894 Phrygio
720 1809 800 1873 tibia
822 1830 917 1873 curva
939 1829 1027 1873 sono.

278 1893 406 1957 Ludite:
421 1893 485 1956 iam
496 1893 570 1959 Nox
584 1893 691 1978 iungit
704 1914 810 1976 equos,
827 1913 1014 1976 currumque
1025 1893 1173 1956 secuntur

321 1975 433 2040 Matris
455 1977 573 2041 lascivo
596 1978 699 2041 sidera
719 1976 807 2041 fulva
828 1977 939 2056 chore,

278 2059 417 2142 Postque
441 2061 527 2124 venit
546 2061 661 2126 tacitus
682 2061 781 2124 furvis
803 2059 1014 2124 circumdatus
1037 2058 1095 2122 alis

231 2155 266 2206 90
321 2142 458 2208 Somnus
481 2147 513 2208 et
532 2144 653 2208 incerto
676 2143 806 2209 Somnia
827 2144 921 2228 nigra
940 2142 1031 2227 pede.

672 2358 718 2433 Π.

279 2480 430 2547 Dicamus
452 2484 537 2548 bona
557 2484 715 2547 verba-
735 2483 824 2547 venit
844 2483 960 2547 natalis
975 2521 1017 2531 -
1032 2481 1071 2546 ad
1089 2503 1157 2545 aras

323 2566 471 2651 Quisquis
493 2567 581 2650 ades,
603 2567 729 2664 lingua,
750 2567 799 2631 vir
819 2568 1008 2650 mulierque,
1030 2566 1100 2630 favo

279 2649 420 2716 Vrantur
439 2653 494 2736 pia
514 2655 586 2716 tura
606 2652 701 2734 foc1s,
723 2655 855 2715 urantur
877 2651 1004 2733 odores,

322 2735 408 2810 Quos
429 2738 519 2800 tener
541 2740 663 2800 eterra
684 2735 780 2800 divite
801 2735 900 2799 mittit
920 2734 1032 2799 Arabs

248 2817 353 2900 §Ipse
375 2840 449 2883 suos
472 2819 591 2883 Genius
613 2819 696 2883 adsit
718 2821 840 2883 visurus
861 2818 1013 2900 honores,

323 2900 383 2967 Oui
404 2902 554 2966 decorent
574 2906 700 2966 sanctas
721 2903 831 2966 mollia
852 2906 936 2966 serta
959 2922 1071 2967 comas.

278 2985 368 3049 lllius
389 3006 468 3069 puro
491 2985 653 3050 destillent
673 2989 818 3070 tempora
838 2986 954 3069 nardo,

321 3070 427 3152 Atque
450 3073 536 3134 satur
557 3070 621 3134 libo
644 3071 686 3134 sit
707 3070 893 3153 madeatque
914 3092 1017 3153 mero,

279 3153 411 3218 Adnuat
433 3156 479 3237 et,
501 3153 661 3238 Cornute,
683 3155 758 3237 tibi,
782 3154 1000 3238 quodcumque
1022 3155 1155 3240 rogabis

232 3250 264 3300 10
319 3237 371 3302 En
393 3260 467 3324 age,
490 3239 566 3322 quid
588 3239 712 3303 cessas?
736 3238 848 3302 adnuit
868 3239 937 3304 ille:
959 3261 1047 3324 roga.

280 3323 444 3408 Auguror,
466 3323 573 3388 uxoris
594 3323 674 3387 fidos
698 3344 716 3386 o
740 3323 823 3387 tabis
844 3344 982 3388 amores:

321 3405 389 3470 Iam
410 3429 482 3471 reor
501 3406 564 3472 hoo
585 3408 672 3494 ipsos
694 3428 711 3471 e
737 3408 860 3472 'dicisse
882 3408 966 3474 deos.

279 3489 309 3556 N
313 3511 348 3554 ec
370 3491 430 3555 tibi
450 3491 615 3574 malueris,
636 3494 739 3556 totum
761 3513 976 3576 quaecumque
995 3513 1052 3576 per
1066 3491 1172 3555 orbam

281 3592 284 3597 ·
321 3572 426 3638 Fortis
448 3579 518 3640 arat
537 3575 642 3641 valido
663 3576 799 3642 rusticus
821 3577 1012 3651 ambove,
