2558 4094
156 318 202 390 11]
560 316 667 372 arena
687 317 709 372 1

198 479 242 544 ut
263 482 372 565 pateat
393 480 516 563 cupidis
538 500 662 563 semper
683 481 792 562 aperta
813 479 940 544 domus:

156 564 226 631 Nec
248 565 368 629 lasciva
390 585 480 628 soror
501 563 624 628 dicatur
643 563 736 646 plura
756 563 873 627 bibisse

199 648 318 713 Pocula
338 649 389 713 vel
409 648 516 732 plures
538 647 709 712 emeruisse
730 646 825 711 viros.

157 732 251 798 Illam
273 754 366 816 saepe
387 732 496 797 ferunt
517 731 663 796 convivia
684 730 797 795 ducere
818 729 960 812 Baccho,

199 816 286 881 Dum
306 820 378 881 rota
398 816 538 881 Luciferi
558 818 710 900 provocet
731 817 802 879 orta
822 815 922 878 diem:

158 900 219 966 llla
240 901 329 965 nulla
350 903 445 983 queat
464 900 577 965 melius
600 921 783 964 consumere
804 902 931 963 noctem

200 986 267 1050 Aut
287 1005 418 1069 operum
440 985 543 1048 varias
565 983 758 1068 disposuisse
778 984 873 1048 vices.

158 1070 204 1134 At
224 1072 280 1132 tua
299 1068 482 1153 perdidicit:
504 1090 563 1133 nec
585 1072 635 1151 tu,
658 1067 859 1150 stultissime,
882 1068 998 1148 sentis,

201 1153 282 1220 Oum
304 1153 364 1217 tibi
385 1174 452 1217 non
473 1153 568 1216 solita
590 1173 704 1236 corpus
726 1152 765 1215 ab
788 1155 855 1216 arte
876 1155 990 1217 movet.

80 1282 82 1285 .
158 1237 249 1302 Tune
270 1240 363 1322 putas
384 1237 473 1301 illam
494 1258 552 1321 pro
574 1240 606 1301 te
627 1237 794 1320 disponere
817 1236 919 1301 crines

200 1322 267 1386 Aut
288 1325 399 1386 tenues
422 1322 520 1386 denso
542 1324 668 1405 pectere
690 1320 784 1385 dente
806 1320 934 1385 comas?

159 1406 236 1472 Non
257 1405 330 1489 tibi,
354 1406 409 1470 sed
430 1405 537 1470 iuveni
560 1404 683 1470 cuidam
705 1405 772 1469 volt
792 1405 876 1468 bella
897 1404 1010 1487 videri,
1079 1411 1080 1414 ’

203 1489 367 1555 Devoveat
386 1512 445 1574 pro
468 1511 529 1637 luo
551 1511 680 1573 remque
703 1488 893 1572 domumque
913 1493 1012 1554 tuam.

160 1574 264 1639 Istaec
284 1574 453 1657 persuadet
488 1575 585 1655 acies,
608 1594 745 1656 auroque
767 1574 902 1638 lacertos

204 1657 335 1722 Vinciat
356 1661 389 1723 et
410 1659 505 1741 Tyrio
527 1657 660 1742 prodeat
681 1660 756 1741 apta
777 1657 857 1722 sinu.

159 1741 229 1807 Nec
249 1742 330 1807 facit
350 1742 412 1806 hoc
433 1743 526 1824 vitio,
550 1741 605 1805 sed
627 1762 760 1824 corpora
780 1740 875 1805 foeda
894 1741 1036 1826 podagra

202 1826 246 1890 Et
267 1827 351 1890 senis
373 1826 536 1908 amplexus
559 1825 644 1888 culta
664 1825 771 1908 puella
792 1825 885 1908 fugit.

161 1909 245 1975 Huic
255 1914 363 1974 tamen
377 1910 525 1974 accubuit
537 1912 646 1973 noster
660 1930 752 1993 puer:
768 1908 853 1974 hunc
868 1931 928 1994 ego
940 1909 1065 1974 credam
1087 1922 1119 1972 ⁷5

203 1994 285 2061 Oum
305 1994 448 2059 trucibus
470 1992 627 2057 Venerem
648 1993 780 2077 iungere
801 2014 894 2077 posse
917 1995 1002 2059 feris.

161 2079 379 2144 Blanditiasne
398 2099 484 2142 meas
507 2079 577 2141 aliis
599 2080 635 2141 11
655 2077 790 2141 vendere
812 2099 846 2141 es
869 2077 984 2142 ausus?

203 2163 293 2227 Tune
314 2163 384 2228 aliis
407 2163 536 2227 demens
559 2162 666 2226 oscula
685 2161 769 2225 ferre
790 2161 884 2225 mea?

162 2246 243 2311 Tum
264 2247 369 2330 flebis,
393 2268 464 2311 cum
486 2268 537 2311 me
558 2247 699 2310 vinctum
722 2267 800 2329 puer
822 2247 902 2310 alter
922 2245 1053 2311 habebit

202 2329 248 2395 ut
268 2335 358 2415 geret
379 2331 414 2395 in
435 2352 535 2416 regno
556 2352 657 2415 regna
678 2330 813 2478 suplerba
834 2333 897 2394 111.
1088 2345 1121 2394 80

162 2416 208 2478 At
228 2418 284 2478 tua
303 2417 372 2478 tum
394 2436 445 2478 me
466 2436 570 2498 poena
590 2416 693 2497 iuvet,
747 2414 894 2497 enerique
915 2416 1050 2480 merenti
1175 2448 1179 2455 ·

205 2497 286 2562 Fixa
306 2501 397 2562 notet
419 2519 510 2563 casus
532 2520 625 2561 aurea
645 2499 753 2580 palma
773 2508 871 2562 meos.

163 2581 273 2646 ‘Hanc
294 2582 354 2646 tibi
375 2582 482 2646 fallaci
504 2583 661 2646 resolutus
683 2603 789 2646 amore
810 2582 955 2646 Tibullus

203 2665 339 2730 Dedicat
360 2669 392 2731 et
413 2669 505 2751 grata
527 2667 586 2749 sis,
609 2666 680 2749 dea,
702 2668 809 2729 mente
830 2669 948 2752 rogat!

617 2881 663 2955 X.

163 3004 240 3080 Quis
262 3005 337 3087 fuit,
360 3004 535 3070 horrendos
557 3006 678 3089 primus
701 3005 755 3089 qui
776 3006 909 3090 protulit
931 3006 1044 3071 enses?

171 3099 174 3105 “
206 3087 308 3163 Quam
329 3090 415 3154 ferus
438 3093 470 3154 et
490 3111 563 3154 vere
584 3089 704 3154 ferreus
726 3090 780 3153 flle
802 3089 877 3154 fuitl

163 3171 244 3235 Tum
266 3174 376 3238 caedes
398 3173 563 3238 hominum
585 3174 709 3259 generi,
730 3176 799 3236 tum
821 3174 942 3256 proelia
963 3177 1053 3255 nata,

205 3255 287 3319 Tum
309 3257 435 3322 brevior
457 3258 543 3322 dirae
564 3258 675 3321 mortis
697 3260 808 3339 aperta
828 3257 919 3321 viaet.

163 3341 193 3404 A
215 3339 297 3404 nihil
318 3341 373 3405 ille
395 3343 490 3406 miser
510 3343 639 3406 meruit!
662 3363 721 3405 nos
744 3340 784 3404 ad
804 3341 890 3404 mala
910 3345 1021 3405 1111111
1106 3354 1122 3404 ⁵

204 3423 380 3507 Vertimus,
405 3426 440 3488 in
461 3448 568 3491 saevas
591 3425 675 3509 quod
697 3424 783 3489 dedit
803 3425 857 3489 ille
878 3424 974 3489 feras.

164 3507 281 3572 Divitis
303 3507 364 3573 hoc
385 3509 530 3573 vitiumst
551 3510 633 3594 auri3
656 3530 716 3573 nec
737 3509 821 3573 bella
842 3508 985 3593 fuerunt,

205 3593 345 3679 Faginus
367 3593 514 3657 adstabat
536 3615 607 3658 cum
629 3593 765 3678 scyphus
788 3596 861 3658 ante
884 3592 995 3677 dapes,
1085 3600 1088 3607 '
