2558 4094
160 251 219 326 m]
566 219 674 308 urana
694 252 715 312 r

158 415 278 500 Bisque
300 413 350 479 die
371 415 511 480 resoluta
533 437 638 480 comas
659 415 720 479 tibi
742 415 844 481 dicere
866 415 976 482 laudes

200 498 268 564 Iusi
318 499 324 512 '
363 500 458 564 turba
480 499 594 564 debeat
613 501 648 564 in
668 499 793 565 Pharia.

158 584 204 647 At
224 584 268 646 mi
295 583 301 597 '
326 584 493 669 contingat
510 583 631 669 patrios
654 585 811 650 celebrare
833 584 969 650 Penates

198 667 402 751 Reddereque
424 668 554 752 antiquo
576 671 739 733 menstrua
758 672 832 733 tura
851 669 934 733 Lari.

159 751 261 828 Quam
281 751 362 817 bene
384 751 520 817 Saturno
542 752 692 817 vivebant
712 774 803 838 rege,
825 753 1009 837 priusquam
1084 765 1116 816 85

200 835 306 900 Tellus
328 835 364 899 in
384 834 498 920 longas
519 838 568 900 est
588 837 749 921 patefacta
770 838 852 901 vias!

158 919 311 986 Nondum
334 920 491 984 caeruleas
512 921 608 1003 pinus
630 923 864 1005 contempserat
884 921 1000 1004 undas,

200 1003 346 1068 Effusum
367 1004 471 1068 ventis
492 1004 742 1088 praebueratque
764 1005 884 1087 sinum,

159 1087 228 1154 Nec
248 1109 349 1172 vagus
370 1088 491 1173 ignotis
511 1091 658 1173 repetens
680 1089 856 1173 conpendia
877 1089 970 1154 terris

202 1171 366 1237 Presserat
391 1175 520 1237 externa
541 1173 650 1237 navita
670 1194 774 1238 merce
794 1177 904 1238 ratem.
1083 1185 1117 1236 41

158 1255 219 1321 Illo
241 1277 308 1339 non
328 1256 452 1320 validus
473 1257 572 1325 subiit
591 1257 667 1342 iuga
687 1259 831 1342 tempore
851 1262 974 1341 taurus,

199 1340 276 1406 Non
297 1339 417 1405 domito
439 1340 548 1405 frenos
570 1362 624 1406 ore
645 1342 817 1406 momordit
839 1363 952 1426 equus,

158 1423 235 1490 Non
257 1425 368 1489 domus
389 1425 456 1489 ulla
476 1425 561 1490 fores
577 1425 705 1509 habuit,
727 1448 794 1490 non
807 1427 889 1490 fixus
903 1427 937 1490 in
952 1428 1053 1512 agris,

202 1509 264 1584 oui
285 1530 319 1573 re
343 1512 411 1574 eret
431 1510 525 1574 certis
545 1510 662 1574 finibus
684 1532 774 1593 arva,
797 1511 888 1595 lapis.

159 1592 252 1676 Ipsae
274 1531 370 1657 mella
391 1592 511 1657 dabant
531 1614 679 1677 quercus,
701 1595 847 1678 ultroque
868 1595 1014 1659 ferebant
1085 1607 1117 1656 45

200 1676 304 1741 Obvia
325 1677 443 1741 securis
463 1677 562 1741 ubera
583 1679 675 1742 lactis
698 1700 781 1743 oves.
958 1749 961 1756 ,

158 1759 232 1826 Non
254 1761 352 1843 acies,
374 1782 441 1824 non
461 1761 509 1824 ira
530 1761 607 1843 fuit,
628 1783 696 1825 non
717 1762 816 1845 bella,
841 1783 901 1827 nec
923 1784 1031 1827 ensem

198 1843 310 1910 Inmiti
332 1865 444 1910 saevus
466 1845 600 1909 duxerat
620 1849 688 1909 arte
708 1845 807 1910 faber.

157 1928 253 1994 Nunc
267 1928 343 1994 Iove
366 1929 424 1993 sub
445 1928 575 1994 domino
597 1928 708 1995 caedes
724 1932 756 1995 et
769 1931 902 1996 vulnera
916 1953 1053 2015 semper,

198 2019 290 2079 Nunc
310 2035 411 2097 mare,
433 2035 519 2078 nunc
540 2013 596 2078 leti
617 2015 719 2079 multa
739 2019 865 2100 reperta
886 2015 976 2080 visst
1083 2028 1117 2078 co

157 2097 272 2181 Parce,
317 2100 393 2163 ater.
432 2098 579 2163 timidum
599 2120 666 2164 non
687 2121 739 2163 me
759 2100 899 2183 periuria
918 2103 1054 2184 terrent,

197 2180 275 2247 Non
319 2182 380 2246 'cta
400 2181 435 2246 in
457 2185 584 2305 sarpctos
605 2183 694 2266 inpia
714 2183 811 2306 vepba
833 2183 918 2248 deos.

157 2348 249 2425 Quod
271 2349 299 2414 si
320 2349 433 2415 fatales
455 2351 519 2414 iam
539 2316 840 2434 nunc*explevimus
863 2373 982 2435 anuos,

197 2433 262 2498 Fac
282 2433 364 2517 lapis
385 2434 547 2518 inscriptis
570 2437 632 2499 stet
654 2456 748 2519 super
770 2457 843 2499 ossa
863 2436 965 2500 notis:

156 2517 237 2582 ‘Hic
257 2517 341 2582 iacet
361 2517 467 2581 inmiti
489 2521 694 2602 consumptus
716 2522 818 2582 morte
840 2518 999 2602 Tibullus,
1084 2530 1117 2583 55

200 2601 384 2666 Messallam
404 2604 489 2666 terra
511 2602 586 2666 dum
608 2603 811 2686 sequiturque
832 2603 932 2666 mari?

159 2685 222 2751 Sed
243 2685 417 2836 mevquod
438 2686 542 2750 facilis
563 2689 672 2751 tenero
695 2708 766 2750 sum
787 2708 912 2771 semper
932 2687 1060 2772 Amori,

199 2770 276 2855 Ipsa
328 2792 405 2835 enus
428 2791 556 2855 campos
579 2771 672 2839 ducet
692 2771 727 2835 in
747 2771 885 2855 Elysios.

156 2852 218 2918 Hic
234 2855 366 2919 choreae
382 2858 555 2938 cautusque
568 2855 694 2940 vigent,
713 2857 893 2939 passimque
908 2859 1062 2942 vagantes

198 2937 299 3004 Dulce
321 2942 438 3003 sonant
458 2940 546 3004 tenui
568 2943 697 3024 gutture
720 2961 847 3005 carmen
868 2961 956 3022 aves,
1083 2953 1116 3002 60

157 3021 233 3086 Fert
254 3023 371 3087 casiam
392 3043 459 3087 non
481 3024 565 3087 culta
587 3046 693 3108 seges,
715 3026 864 3108 totosque
884 3046 941 3108 per
963 3046 1056 3109 agros

198 3106 308 3170 Floret
329 3106 467 3170 odoratis
489 3110 575 3171 terra
595 3108 737 3192 benigna
757 3109 853 3173 rosis:

157 3191 202 3254 At
223 3190 373 3254 iuvenum
395 3191 491 3255 series
512 3192 630 3256 teneris
653 3191 787 3255 inmixta
807 3191 921 3275 puellis

197 3273 307 3356 Ludit,
330 3276 363 3337 et
383 3274 513 3340 adsidue
534 3277 656 3359 proelia
676 3275 790 3339 miscet
811 3276 921 3339 Amor.

158 3356 228 3423 Illic
250 3360 313 3441 est,
335 3356 519 3442 cuicumque
540 3382 638 3442 rapax
659 3381 746 3423 mors
767 3359 855 3423 venit
876 3360 1010 3443 amanti,
1081 3373 1114 3423 ab

197 3442 242 3507 Et
286 3442 347 3506 erit
367 3441 488 3525 insigni
508 3465 541 3506 m
580 3447 632 3508 tea
654 3447 739 3507 serta
761 3464 860 3507 coma.

158 3525 200 3591 At
221 3464 374 3593 scelerata
394 3525 477 3590 iacet
498 3547 532 3590 se
555 3548 587 3590 es
609 3528 644 3591 in
664 3530 760 3591 nocte
780 3527 938 3612 profunda
