2558 4094
136 247 203 361 u]
565 289 672 344 ursus
693 289 728 347 11.
787 334 789 337 .

199 452 289 517 lllius
312 455 360 517 est
380 451 474 517 nobis
495 453 567 536 lege
590 451 740 517 colendus
761 452 870 517 Amor.

157 537 359 614 Quinetiam
381 536 470 600 sedes
492 536 600 600 iubeat
620 537 649 600 si
670 534 805 600 vendere
827 537 942 619 avitas,

198 620 247 685 Ite
270 621 328 685 sub
350 621 518 703 imperium
541 620 600 684 sub
621 620 750 684 titulum
772 641 828 699 ue,
850 619 956 684 Lares.

158 704 317 788 Quidquid
337 704 434 769 habet
456 703 561 788 Circe,
584 704 735 787 quidquid
793 703 869 768 edea
889 704 1018 787 veneni,
1082 715 1115 766 oo

200 787 360 872 Quidquid
381 791 414 852 et
433 788 604 852 herbarum
625 788 777 852 Thessala
797 790 883 852 terra
903 789 1000 872 gerit,

161 872 201 940 ht
232 873 306 970 uod,
316 873 372 936 ubi
382 871 547 969 indomitis
558 872 708 970 gregibus
718 871 828 969 Venus
841 871 937 970 adflat
951 893 1083 954 amoreS,

158 1039 192 1105 s
214 957 917 1106 ὲὲἕὲωὲῗθε1ἓὲἓέἃὲῐέἓὲἣῦἓέθέἣί
931 977 1042 1104 tlt>

199 1123 288 1188 Mille
311 1124 388 1187 alias
403 1063 524 1188 Iherbas
546 1127 677 1190 misceat
697 1125 768 1209 illa,
790 1122 907 1188 bibam.
1032 1089 1042 1122 ²
1082 1135 1116 1186 ω

563 1264 712 1273 ...-

615 1337 658 1412 V.

156 1461 295 1547 Phoebe,
307 1463 508 1528 faveznovus
519 1463 697 1547 ingreditur
707 1465 763 1526 tua
772 1463 891 1546 templa
902 1461 1062 1527 sacerdos:

198 1545 271 1611 Huc
293 1568 353 1632 age
375 1568 447 1611 cum
469 1547 591 1612 cithara
612 1547 866 1630 carminibusque
887 1547 969 1611 veni.

157 1630 253 1696 Nunc
274 1633 306 1695 te
328 1632 453 1695 vocales
475 1632 626 1714 inpellere
670 1632 762 1696 olhce
784 1631 932 1713 chordas,

197 1714 294 1779 Nunc
314 1736 428 1799 precor
449 1714 489 1778 ad
510 1716 618 1779 laudes
640 1654 765 1779 doctere
786 1716 883 1779 verba
904 1736 983 1779 mea.

157 1798 229 1882 Ipse
250 1798 437 1882 triumphali
459 1800 622 1864 devinctus
643 1802 787 1882 tempora
808 1799 911 1882 lauro,
1099 1809 1115 1860 t

198 1881 284 1946 Dum
306 1884 468 1948 cumulant
489 1905 577 1967 aras,
601 1884 640 1947 ud
661 1885 717 1946 tua
739 1904 829 1947 sacra
850 1882 931 1947 veni.

157 1966 220 2032 Sed
240 1967 363 2032 nitidus
383 1968 578 2052 pulcherque
599 1967 687 2031 veni:
709 1988 794 2032 nunc
815 1966 910 2032 indue
931 1969 1051 2031 vestem

199 2051 395 2136 sepositam,
419 2053 532 2137 longas
554 2071 639 2116 nunc
659 2051 740 2115 bene
762 2055 853 2135 pecte
874 2072 995 2134 comas,

157 2135 289 2212 Qualem
309 2139 342 2201 te
363 2139 541 2201 memorant
562 2135 698 2201 Saturno
720 2157 795 2220 rege
816 2136 927 2220 fugato

198 2219 322 2284 Victori
343 2220 452 2285 laudes
475 2221 673 2285 concinuisse
695 2219 772 2288 Iovi.
1083 2232 1115 2281 10

156 2303 206 2368 Tu
226 2305 337 2386 procul
359 2308 509 2368 eventura
529 2304 633 2388 vides,
655 2304 716 2369 tibi
737 2303 861 2368 deditus
882 2326 984 2388 augur

199 2386 266 2452 Scit
286 2387 367 2451 bene
389 2388 464 2471 quid
485 2389 544 2451 fati
565 2389 696 2471 provida
718 2391 825 2451 cantet
846 2388 927 2471 avis,

156 2472 266 2555 Tuque
287 2472 373 2555 regis
395 2474 496 2535 sortes
503 2521 512 2555 ,
535 2493 592 2556 per
613 2474 645 2534 te
666 2472 841 2554 praesentit
862 2493 1010 2554 aruspex,

197 2554 334 2619 Lubrica
355 2555 494 2638 signavit
515 2576 587 2619 cum
608 2556 684 2619 deus
707 2559 778 2619 exta
799 2555 899 2620 notis:

158 2638 200 2704 Te
223 2640 301 2703 duce
322 2639 485 2703 Romanos
506 2660 678 2723 numquam
699 2639 851 2703 frustrata
873 2638 1008 2723 Sibylla,
1083 2652 1114 2700 rs

197 2723 318 2787 Abdita
339 2745 418 2807 quae
440 2723 525 2787 senis
547 2724 613 2786 fata
635 2723 723 2787 canit
743 2722 890 2807 pedibusl
1144 2795 1146 2800 A

156 2807 298 2891 Phoebe,
322 2829 428 2871 sacras
450 2807 656 2871 Messalinum
678 2807 747 2871 sine
767 2809 824 2871 tan
848 2829 899 2872 ere
920 2807 1045 2872 chartas

197 2890 306 2975 Vatis,
330 2893 451 2976 etipse
472 2913 584 2975 precor
605 2893 680 2976 quid
703 2895 798 2957 canat
822 2894 827 2905 '
855 2915 873 2956 a
895 2892 982 2957 doce.

155 2974 245 3039 Haec
261 2975 347 3040 dedit
361 2977 489 3040 Aeneae
505 2980 622 3060 sortes,
636 2979 806 3061 postquam
821 2977 875 3042 ille
889 2979 1053 3061 parentem

197 3057 324 3124 Dicitur
345 3063 377 3124 et
396 3064 504 3144 raptos
527 3062 713 3125 sustinuisse
734 3061 846 3144 Lares3
1081 3073 1114 3122 20

155 3143 225 3210 Nec
245 3143 314 3208 fore
332 3144 480 3208 credebat
493 3145 643 3228 Romam,
667 3167 738 3210 eum
760 3148 900 3210 maestus
922 3144 962 3208 ab
984 3145 1049 3208 alto

197 3227 282 3292 Ilion
303 3227 449 3292 ardentes
470 3231 702 3313 respiceretque
724 3229 809 3294 deos.

156 3311 325 3398 (Romulus
347 3314 492 3376 aeternae
513 3314 654 3377 nondum
676 3315 854 3377 firmaverat
874 3313 962 3376 urbis

197 3395 339 3478 Moenia,
362 3397 502 3460 consorti
523 3417 589 3460 non
609 3396 781 3461 habitanda
802 3397 918 3479 Remo,

156 3479 218 3546 Sed
239 3485 316 3544 tunc
337 3479 510 3563 pascebant
530 3479 667 3544 herbosa
687 3480 810 3545 Palatia
831 3501 945 3545 vaccae
1080 3494 1115 3544 zo

197 3563 240 3629 ut
262 3565 388 3629 stabant
409 3562 545 3628 humiles
566 3565 601 3628 in
622 3565 707 3629 Iovis
729 3586 800 3630 arce
822 3586 922 3630 casae.
