2558 4094
124 250 126 255 ’
154 261 201 334 u]
550 262 658 317 amaa
677 263 712 318 n.
1069 254 1112 320 33

155 423 243 490 Haec
264 423 380 489 cecinit
401 425 488 487 vetes
510 425 542 488 et
561 427 594 488 te
617 424 693 507 sibi,
716 422 858 506 Phoebe,
881 421 1020 502 vocavit,
1078 435 1112 484 so

197 509 332 573 lactavit
352 508 439 572 fusas
462 510 493 571 et
515 510 609 591 caput
630 511 703 572 ante
726 528 842 572 comas.

155 591 316 676 Quidquid
336 591 519 674 Amalthea,
542 591 694 676 quidquid
714 590 749 655 M
808 591 874 656 esic
894 590 974 655 dixit

197 675 387 760 Herophilo,
408 675 513 760 Phyto
536 675 692 759 Graiaque
715 697 776 759 quo
820 676 959 754 monuit,

155 759 303 843 Quasque
327 760 450 824 Aniena
471 781 576 824 sacras
597 760 711 824 Tiburs
732 781 790 843 per
810 759 941 823 flumina
962 760 1062 823 sortes

198 843 337 908 Portarit
358 844 442 908 sicco
463 844 688 928 pertuleritque
710 844 796 927 sinu,
1079 854 1112 903 co

156 927 260 1013 (Haec
280 928 348 991 fore
370 927 516 992 dixenmt
537 928 613 992 belli
634 928 717 991 mala
739 928 832 1011 signa
854 927 1012 1009 cometen,

198 1011 319 1076 Multus
340 1014 376 1075 ut
396 1013 431 1075 in
450 1014 550 1075 terras
572 1011 793 1095 deplueretque
817 1012 913 1094 lapis:

155 1095 262 1179 Atque
283 1096 375 1159 tubas
397 1099 491 1178 atque
513 1117 601 1159 arma
621 1095 728 1160 femmt
749 1095 948 1179 strepitantia
970 1094 1057 1159 caelo

198 1179 317 1243 Audita
339 1182 371 1244 et
391 1181 479 1244 lucos
501 1180 713 1263 praecinuisse
734 1180 860 1264 fugam,

155 1262 200 1328 Ec
220 1265 388 1328 simulacra
409 1265 502 1328 deum
523 1265 667 1329 lacrimas
688 1263 807 1328 fudisse
826 1266 970 1347 tepentes
1080 1275 1111 1323 77

198 1346 339 1431 Fataque
360 1349 486 1413 vocales
507 1348 743 1432 praemonuisse
764 1348 876 1430 boves,
1080 1360 1112 1408 78

156 1430 264 1514 lpsum
286 1433 381 1495 etiam
402 1431 509 1497 Solem
531 1432 688 1497 defectum
709 1432 828 1496 lumine
848 1431 929 1496 uidit
1080 1444 1112 1492 75

198 1515 334 1600 Iungere
355 1517 510 1598 pallentes
531 1518 658 1581 nubilus
681 1538 782 1580 annus
804 1517 915 1600 equos)
1080 1528 1112 1576 'lo

156 1599 246 1664 Haec
265 1600 394 1664 fuerrmt
415 1601 508 1666 olim:
530 1601 585 1665 sed
605 1604 642 1664 tu
663 1601 726 1664 iam
748 1600 849 1682 mitis,
872 1600 1006 1684 Apollo,

198 1682 348 1768 Prodigia
369 1684 531 1747 indomitis
553 1706 660 1769 merge
682 1685 740 1748 sub
763 1685 965 1767 aequoribus:
1077 1697 1111 1746 80

155 1766 200 1835 Et
221 1788 373 1831 succensa
394 1770 492 1832 sacris
514 1769 646 1851 crepitet
666 1769 747 1832 bene
768 1769 876 1832 laurea
895 1766 1045 1853 flammis,

200 1849 314 1915 Omine
336 1872 398 1934 quo
419 1852 496 1915 felix
518 1854 550 1915 et
571 1873 660 1916 sacer
681 1873 782 1915 annus
805 1852 873 1917 erit.

156 1934 277 1999 Laurus
299 1936 354 1999 ubi
375 1936 459 1999 bona
480 1936 572 2019 signa
594 1935 693 2018 dedit,
716 1935 850 2021 gaudete
873 1937 991 2002 coloni:

198 2017 368 2083 Distendet
388 2020 483 2104 spicis
504 2018 617 2083 horrea
637 2021 733 2102 plena
754 2019 863 2103 Ocres,

156 2103 283 2168 Oblitus
306 2105 339 2167 et
358 2108 463 2167 musto
485 2104 577 2168 feriet
597 2105 677 2187 pede
697 2106 834 2169 rusticus
855 2127 948 2189 uvas,
1079 2118 1112 2168 86

199 2185 295 2251 Dolia
316 2188 391 2251 dum
412 2210 444 2251 m
512 2189 518 2200 '
542 2188 750 2272 deficiantqw
771 2190 868 2253 lacus.

157 2271 203 2336 At
225 2271 369 2334 madidus
391 2271 476 2336 Bacc
499 2292 518 2334 o
540 2294 597 2336 sua
617 2273 699 2337 festa
718 2272 833 2337 Palilia
853 2276 961 2357 pastor

200 2353 371 2419 Oonoinet:
398 2376 416 2417 a
438 2355 570 2418 stabulis
591 2358 668 2420 tuno
689 2357 801 2440 procul
822 2359 888 2421 este
909 2357 985 2440 lupi.

157 2439 216 2502 Ille
238 2438 316 2502 levis
338 2438 472 2521 stipulae
494 2438 663 2503 sollemnes
685 2443 779 2522 potus
800 2461 929 2504 acervos

199 2520 379 2605 Accendet,
401 2522 542 2585 flammas
563 2523 782 2606 transilietque
804 2544 925 2605 sacras,
1078 2536 1114 2587 90

157 2605 202 2671 Et
222 2608 306 2670 fetus
327 2609 473 2671 matrona
495 2604 595 2686 dabit,
620 2609 775 2690 natusque
796 2607 920 2690 parenti

201 2690 317 2756 Oscula
338 2690 521 2775 conprensis
543 2691 668 2754 auribus
691 2691 818 2775 eripiet,

157 2773 228 2840 Nec
248 2775 389 2839 taedebit
409 2797 502 2839 avum
524 2796 621 2858 parvo
644 2775 818 2860 advigilare
839 2777 948 2860 nepoti

200 2858 361 2943 Balbaque
384 2880 456 2923 oum
476 2880 574 2943 puero
596 2859 700 2924 dicere
722 2860 817 2924 verba
837 2881 954 2925 senem.

159 2941 249 3006 'luno
271 2947 400 3028 operata
421 2943 479 3008 deo
500 2944 599 3028 pubes
622 2944 798 3009 discumbet
817 2945 852 3008 in
872 2944 985 3030 herba,
1080 2958 1113 3008 eo

201 3027 334 3091 Arboris
356 3028 503 3112 antiquae
525 3049 587 3111 qua
608 3028 686 3093 levis
707 3029 819 3092 umbra
841 3030 939 3113 cadit,

159 3111 227 3176 Aut
248 3131 265 3173 e
287 3115 373 3176 veste
395 3133 452 3175 sua
473 3113 605 3176 tendent
625 3113 808 3177 umbracula
830 3115 921 3178 sertis

200 3192 333 3277 Vincta,
356 3199 523 3260 coronatus
546 3196 643 3259 stabit
664 3199 696 3260 et
717 3200 790 3260 ante
812 3198 901 3261 cclix.

159 3278 206 3343 At
226 3278 287 3341 sibi
310 3279 440 3360 quisque
462 3280 557 3362 dapes
579 3283 612 3344 et
632 3281 729 3344 festas
751 3283 874 3344 extruet
894 3281 957 3345 alte

203 3360 383 3444 Oespitibus
404 3383 529 3426 mensas
552 3365 721 3448 cespitibus
743 3385 783 3427 ue
803 3366 916 3429 torum.
1066 3379 1116 3430 100

160 3445 289 3594 lnqeret
309 3444 363 3508 hic
382 3447 477 3528 potus
498 3446 619 3511 iuvenis
640 3448 721 3511 male
748 3447 807 3512 'ota
827 3448 965 3533 puellae,

229 3533 280 3594 ost
300 3529 395 3593 modo
418 3550 497 3612 quae
517 3531 600 3594 votis
622 3532 711 3596 irrita
732 3532 817 3595 facta
838 3533 927 3598 velit:

211 3634 334 3675 'mmm-
948 3641 965 3688 8
