<?xml version="1.0" encoding="UTF-8"?>
<!DOCTYPE html PUBLIC "-//W3C//DTD XHTML 1.0 Transitional//EN"
    "http://www.w3.org/TR/xhtml1/DTD/xhtml1-transitional.dtd">
<html xmlns="http://www.w3.org/1999/xhtml" xml:lang="en" lang="en">
 <head>
  <title>
</title>
<meta http-equiv="Content-Type" content="text/html;charset=utf-8" />
  <meta name='ocr-system' content='tesseract 3.04.00' />
  <meta name='ocr-capabilities' content='ocr_page ocr_carea ocr_par ocr_line ocrx_word'/>
</head>
<body>
  <div class='ocr_page' id='page_1' title='image "albiitibvlli00tibugoog_0047.png"; bbox 0 0 2558 4094; ppageno 0'>
   <div class='ocr_carea' id='block_1_1' title="bbox 156 283 1111 366">
    <p class='ocr_par' dir='ltr' id='par_1_1' title="bbox 156 283 1111 366">
     <span class='ocr_line' id='line_1_1' title="bbox 156 283 1111 366; baseline -0.001 -15"><span class='ocrx_word' id='word_1_1' title='bbox 156 291 216 366; x_wconf 79' lang='lat' dir='ltr'>vu]</span> <span class='ocrx_word' id='word_1_2' title='bbox 541 291 649 348; x_wconf 78' lang='lat' dir='ltr'>amna</span> <span class='ocrx_word' id='word_1_3' title='bbox 669 291 718 347; x_wconf 88' lang='lat'>111.</span> <span class='ocrx_word' id='word_1_4' title='bbox 1070 283 1111 350; x_wconf 82' lang='grc'>43</span> 
     </span>
    </p>
   </div>
   <div class='ocr_carea' id='block_1_2' title="bbox 118 453 1113 2468">
    <p class='ocr_par' dir='ltr' id='par_1_2' title="bbox 118 453 1113 2468">
     <span class='ocr_line' id='line_1_2' title="bbox 156 453 1112 539; baseline -0.008 -17"><span class='ocrx_word' id='word_1_5' title='bbox 156 456 324 523; x_wconf 87' lang='lat' dir='ltr'>Armenias</span> <span class='ocrx_word' id='word_1_6' title='bbox 345 454 444 539; x_wconf 84' lang='lat' dir='ltr'>tigres</span> <span class='ocrx_word' id='word_1_7' title='bbox 467 456 499 518; x_wconf 91' lang='lat' dir='ltr'>et</span> <span class='ocrx_word' id='word_1_8' title='bbox 519 454 621 518; x_wconf 88' lang='lat' dir='ltr'>fulvas</span> <span class='ocrx_word' id='word_1_9' title='bbox 642 453 696 518; x_wconf 88' lang='lat' dir='ltr'>ille</span> <span class='ocrx_word' id='word_1_10' title='bbox 717 454 843 518; x_wconf 88' lang='lat' dir='ltr'>leaenas</span> <span class='ocrx_word' id='word_1_11' title='bbox 1080 462 1112 513; x_wconf 76' lang='lat' dir='ltr'>lt</span> 
     </span>
     <span class='ocr_line' id='line_1_3' title="bbox 197 536 888 605; baseline -0.004 0"><span class='ocrx_word' id='word_1_12' title='bbox 197 540 286 605; x_wconf 82' lang='lat' dir='ltr'>Vicit</span> <span class='ocrx_word' id='word_1_13' title='bbox 307 541 339 602; x_wconf 87' lang='lat' dir='ltr'>et</span> <span class='ocrx_word' id='word_1_14' title='bbox 359 537 523 602; x_wconf 85' lang='lat' dir='ltr'>indomitis</span> <span class='ocrx_word' id='word_1_15' title='bbox 546 537 656 602; x_wconf 87' lang='lat' dir='ltr'>mollia</span> <span class='ocrx_word' id='word_1_16' title='bbox 677 536 771 602; x_wconf 86' lang='lat' dir='ltr'>eorda</span> <span class='ocrx_word' id='word_1_17' title='bbox 793 537 888 602; x_wconf 91' lang='lat' dir='ltr'>dedit.</span> 
     </span>
     <span class='ocr_line' id='line_1_4' title="bbox 156 619 1043 705; baseline -0.002 -17"><span class='ocrx_word' id='word_1_18' title='bbox 156 623 244 688; x_wconf 82' lang='lat' dir='ltr'>Haec</span> <span class='ocrx_word' id='word_1_19' title='bbox 265 622 367 686; x_wconf 85' lang='lat' dir='ltr'>Amor</span> <span class='ocrx_word' id='word_1_20' title='bbox 388 624 420 687; x_wconf 91' lang='lat' dir='ltr'>et</span> <span class='ocrx_word' id='word_1_21' title='bbox 440 622 561 686; x_wconf 87' lang='lat' dir='ltr'>maiora</span> <span class='ocrx_word' id='word_1_22' title='bbox 581 621 674 686; x_wconf 87' lang='lat' dir='ltr'>valet.</span> <span class='ocrx_word' id='word_1_23' title='bbox 707 620 762 685; x_wconf 91' lang='lat' dir='ltr'>sed</span> <span class='ocrx_word' id='word_1_24' title='bbox 782 621 904 705; x_wconf 80' lang='lat' dir='ltr'>poscite</span> <span class='ocrx_word' id='word_1_25' title='bbox 926 619 1043 686; x_wconf 80' lang='lat' dir='ltr'>Bacchi</span> 
     </span>
     <span class='ocr_line' id='line_1_5' title="bbox 198 705 1013 789; baseline -0.004 -18"><span class='ocrx_word' id='word_1_26' title='bbox 198 707 346 771; x_wconf 83' lang='lat' dir='ltr'>Munera:</span> <span class='ocrx_word' id='word_1_27' title='bbox 368 727 462 789; x_wconf 90' lang='lat' dir='ltr'>quem</span> <span class='ocrx_word' id='word_1_28' title='bbox 482 708 621 771; x_wconf 86' lang='lat' dir='ltr'>vestrum</span> <span class='ocrx_word' id='word_1_29' title='bbox 642 705 757 787; x_wconf 90' lang='lat' dir='ltr'>poeula</span> <span class='ocrx_word' id='word_1_30' title='bbox 779 706 863 770; x_wconf 88' lang='lat' dir='ltr'>sieea</span> <span class='ocrx_word' id='word_1_31' title='bbox 882 705 1013 769; x_wconf 85' lang='lat' dir='ltr'>iuvant?</span> 
     </span>
     <span class='ocr_line' id='line_1_6' title="bbox 156 787 980 874; baseline -0.005 -18"><span class='ocrx_word' id='word_1_32' title='bbox 156 790 316 857; x_wconf 81' lang='lat' dir='ltr'>Convenit</span> <span class='ocrx_word' id='word_1_33' title='bbox 337 812 375 854; x_wconf 85' lang='lat' dir='ltr'>ex</span> <span class='ocrx_word' id='word_1_34' title='bbox 397 810 497 874; x_wconf 89' lang='lat' dir='ltr'>aequo</span> <span class='ocrx_word' id='word_1_35' title='bbox 518 811 578 855; x_wconf 88' lang='lat' dir='ltr'>nee</span> <span class='ocrx_word' id='word_1_36' title='bbox 599 793 707 854; x_wconf 81' lang='lat' dir='ltr'>torvus</span> <span class='ocrx_word' id='word_1_37' title='bbox 729 787 824 853; x_wconf 89' lang='lat' dir='ltr'>Liber</span> <span class='ocrx_word' id='word_1_38' title='bbox 846 789 880 851; x_wconf 92' lang='lat' dir='ltr'>in</span> <span class='ocrx_word' id='word_1_39' title='bbox 900 789 980 871; x_wconf 88' lang='lat' dir='ltr'>illis,</span> 
     </span>
     <span class='ocr_line' id='line_1_7' title="bbox 199 873 1112 957; baseline -0.005 -19"><span class='ocrx_word' id='word_1_40' title='bbox 199 874 261 950; x_wconf 83' lang='lat' dir='ltr'>Qui</span> <span class='ocrx_word' id='word_1_41' title='bbox 282 896 316 939; x_wconf 93' lang='lat' dir='ltr'>se</span> <span class='ocrx_word' id='word_1_42' title='bbox 338 874 453 957; x_wconf 89' lang='lat' dir='ltr'>quique</span> <span class='ocrx_word' id='word_1_43' title='bbox 475 896 539 938; x_wconf 89' lang='lat' dir='ltr'>una</span> <span class='ocrx_word' id='word_1_44' title='bbox 559 874 634 938; x_wconf 86' lang='lat' dir='ltr'>vina</span> <span class='ocrx_word' id='word_1_45' title='bbox 655 874 762 938; x_wconf 82' lang='lat' dir='ltr'>iocosa</span> <span class='ocrx_word' id='word_1_46' title='bbox 783 873 906 942; x_wconf 90' lang='lat' dir='ltr'>eolunt:</span> <span class='ocrx_word' id='word_1_47' title='bbox 1078 883 1112 933; x_wconf 74' lang='lat'>20</span> 
     </span>
     <span class='ocr_line' id='line_1_8' title="bbox 157 957 969 1041; baseline -0.004 -18"><span class='ocrx_word' id='word_1_48' title='bbox 157 957 316 1025; x_wconf 80' lang='lat' dir='ltr'>Convenit</span> <span class='ocrx_word' id='word_1_49' title='bbox 336 959 435 1022; x_wconf 87' lang='lat' dir='ltr'>iratus</span> <span class='ocrx_word' id='word_1_50' title='bbox 456 958 590 1021; x_wconf 92' lang='lat' dir='ltr'>nimium</span> <span class='ocrx_word' id='word_1_51' title='bbox 610 957 806 1041; x_wconf 86' lang='lat' dir='ltr'>nimiumque</span> <span class='ocrx_word' id='word_1_52' title='bbox 828 976 969 1021; x_wconf 85' lang='lat' dir='ltr'>severos:</span> 
     </span>
     <span class='ocr_line' id='line_1_9' title="bbox 199 1041 889 1126; baseline 0 -21"><span class='ocrx_word' id='word_1_53' title='bbox 199 1042 260 1118; x_wconf 82' lang='lat' dir='ltr'>Qui</span> <span class='ocrx_word' id='word_1_54' title='bbox 281 1042 374 1106; x_wconf 88' lang='lat' dir='ltr'>timet</span> <span class='ocrx_word' id='word_1_55' title='bbox 394 1041 467 1106; x_wconf 88' lang='lat' dir='ltr'>irati</span> <span class='ocrx_word' id='word_1_56' title='bbox 487 1041 619 1106; x_wconf 86' lang='lat' dir='ltr'>numina</span> <span class='ocrx_word' id='word_1_57' title='bbox 638 1063 771 1126; x_wconf 80' lang='lat' dir='ltr'>magna,</span> <span class='ocrx_word' id='word_1_58' title='bbox 792 1041 889 1105; x_wconf 88' lang='lat' dir='ltr'>bibat.</span> 
     </span>
     <span class='ocr_line' id='line_1_10' title="bbox 157 1125 999 1209; baseline -0.001 -20"><span class='ocrx_word' id='word_1_59' title='bbox 157 1126 272 1202; x_wconf 79' lang='lat' dir='ltr'>Quales</span> <span class='ocrx_word' id='word_1_60' title='bbox 294 1125 344 1190; x_wconf 90' lang='lat' dir='ltr'>his</span> <span class='ocrx_word' id='word_1_61' title='bbox 366 1146 485 1209; x_wconf 85' lang='lat' dir='ltr'>poenas</span> <span class='ocrx_word' id='word_1_62' title='bbox 507 1126 609 1209; x_wconf 92' lang='lat' dir='ltr'>qualis</span> <span class='ocrx_word' id='word_1_63' title='bbox 631 1128 826 1209; x_wconf 85' lang='lat' dir='ltr'>quantusque</span> <span class='ocrx_word' id='word_1_64' title='bbox 847 1125 999 1206; x_wconf 76' lang='lat' dir='ltr'>minetur,</span> 
     </span>
     <span class='ocr_line' id='line_1_11' title="bbox 199 1208 897 1275; baseline -0.003 0"><span class='ocrx_word' id='word_1_65' title='bbox 199 1208 354 1275; x_wconf 79' lang='lat' dir='ltr'>Cadmeae</span> <span class='ocrx_word' id='word_1_66' title='bbox 375 1210 486 1274; x_wconf 87' lang='lat' dir='ltr'>matris</span> <span class='ocrx_word' id='word_1_67' title='bbox 528 1209 624 1274; x_wconf 91' lang='lat' dir='ltr'>raeda</span> <span class='ocrx_word' id='word_1_68' title='bbox 645 1212 774 1274; x_wconf 88' lang='lat' dir='ltr'>eruenta</span> <span class='ocrx_word' id='word_1_69' title='bbox 796 1208 897 1273; x_wconf 82' lang='lat' dir='ltr'>docet.</span> 
     </span>
     <span class='ocr_line' id='line_1_12' title="bbox 156 1292 1112 1377; baseline -0.006 -18"><span class='ocrx_word' id='word_1_70' title='bbox 156 1293 219 1359; x_wconf 83' lang='lat' dir='ltr'>sed</span> <span class='ocrx_word' id='word_1_71' title='bbox 239 1295 351 1377; x_wconf 87' lang='lat' dir='ltr'>proeul</span> <span class='ocrx_word' id='word_1_72' title='bbox 372 1294 498 1358; x_wconf 89' lang='lat' dir='ltr'>anobis</span> <span class='ocrx_word' id='word_1_73' title='bbox 538 1294 564 1358; x_wconf 87' lang='lat' dir='ltr'>&#39;e</span> <span class='ocrx_word' id='word_1_74' title='bbox 579 1294 621 1358; x_wconf 88' lang='lat' dir='ltr'>sit</span> <span class='ocrx_word' id='word_1_75' title='bbox 635 1294 744 1376; x_wconf 89' lang='lat' dir='ltr'>timor,</span> <span class='ocrx_word' id='word_1_76' title='bbox 766 1293 898 1377; x_wconf 89' lang='lat' dir='ltr'>illaque,</span> <span class='ocrx_word' id='word_1_77' title='bbox 923 1292 1057 1375; x_wconf 87' lang='lat' dir='ltr'>siquast,</span> <span class='ocrx_word' id='word_1_78' title='bbox 1079 1303 1112 1353; x_wconf 76' lang='lat'>25</span> 
     </span>
     <span class='ocr_line' id='line_1_13' title="bbox 200 1377 952 1458; baseline 0 -17"><span class='ocrx_word' id='word_1_79' title='bbox 200 1377 283 1453; x_wconf 82' lang='lat' dir='ltr'>Quid</span> <span class='ocrx_word' id='word_1_80' title='bbox 303 1379 408 1443; x_wconf 87' lang='lat' dir='ltr'>valeat</span> <span class='ocrx_word' id='word_1_81' title='bbox 428 1379 507 1442; x_wconf 86' lang='lat' dir='ltr'>laesi</span> <span class='ocrx_word' id='word_1_82' title='bbox 528 1378 644 1443; x_wconf 91' lang='lat' dir='ltr'>sentiat</span> <span class='ocrx_word' id='word_1_83' title='bbox 663 1378 711 1442; x_wconf 91' lang='lat' dir='ltr'>ira</span> <span class='ocrx_word' id='word_1_84' title='bbox 731 1377 792 1445; x_wconf 89' lang='lat' dir='ltr'>dei.</span> <span class='ocrx_word' id='word_1_85' title='bbox 950 1455 952 1458; x_wconf 12' lang='lat' dir='ltr'>v</span> 
     </span>
     <span class='ocr_line' id='line_1_14' title="bbox 156 1461 1008 1559; baseline -0.002 -33"><span class='ocrx_word' id='word_1_86' title='bbox 156 1461 240 1537; x_wconf 77' lang='lat' dir='ltr'>Quid</span> <span class='ocrx_word' id='word_1_87' title='bbox 260 1483 373 1559; x_wconf 81' lang='lat' dir='ltr'>precor</span> <span class='ocrx_word' id='word_1_88' title='bbox 394 1485 427 1544; x_wconf 89' lang='lat' dir='ltr'>a,</span> <span class='ocrx_word' id='word_1_89' title='bbox 449 1461 601 1526; x_wconf 84' lang='lat' dir='ltr'>demens?</span> <span class='ocrx_word' id='word_1_90' title='bbox 623 1463 711 1526; x_wconf 88' lang='lat' dir='ltr'>venti</span> <span class='ocrx_word' id='word_1_91' title='bbox 730 1461 897 1527; x_wconf 89' lang='lat' dir='ltr'>temeraria</span> <span class='ocrx_word' id='word_1_92' title='bbox 918 1464 1008 1544; x_wconf 85' lang='lat' dir='ltr'>vota,</span> 
     </span>
     <span class='ocr_line' id='line_1_15' title="bbox 197 1545 819 1630; baseline 0.002 -21"><span class='ocrx_word' id='word_1_93' title='bbox 197 1546 313 1610; x_wconf 84' lang='lat' dir='ltr'>Aerrae</span> <span class='ocrx_word' id='word_1_94' title='bbox 335 1549 367 1610; x_wconf 90' lang='lat' dir='ltr'>et</span> <span class='ocrx_word' id='word_1_95' title='bbox 387 1546 487 1611; x_wconf 91' lang='lat' dir='ltr'>nubes</span> <span class='ocrx_word' id='word_1_96' title='bbox 509 1545 686 1630; x_wconf 87' lang='lat' dir='ltr'>diripienda</span> <span class='ocrx_word' id='word_1_97' title='bbox 705 1547 819 1611; x_wconf 82' lang='lat' dir='ltr'>ferant.</span> 
     </span>
     <span class='ocr_line' id='line_1_16' title="bbox 157 1628 1014 1714; baseline -0.001 -21"><span class='ocrx_word' id='word_1_98' title='bbox 157 1629 307 1705; x_wconf 79' lang='lat' dir='ltr'>Quamvis</span> <span class='ocrx_word' id='word_1_99' title='bbox 328 1629 417 1693; x_wconf 89' lang='lat' dir='ltr'>nulla</span> <span class='ocrx_word' id='word_1_100' title='bbox 437 1631 500 1694; x_wconf 87' lang='lat' dir='ltr'>mei</span> <span class='ocrx_word' id='word_1_101' title='bbox 522 1633 665 1714; x_wconf 75' lang='lat' dir='ltr'>superest</span> <span class='ocrx_word' id='word_1_102' title='bbox 685 1631 745 1695; x_wconf 88' lang='lat' dir='ltr'>tibi</span> <span class='ocrx_word' id='word_1_103' title='bbox 767 1651 856 1711; x_wconf 87' lang='lat' dir='ltr'>eura,</span> <span class='ocrx_word' id='word_1_104' title='bbox 878 1628 1014 1709; x_wconf 81' lang='lat' dir='ltr'>Neaera,</span> 
     </span>
     <span class='ocr_line' id='line_1_17' title="bbox 199 1711 1113 1795; baseline -0.002 -20"><span class='ocrx_word' id='word_1_105' title='bbox 199 1711 249 1776; x_wconf 81' lang='lat' dir='ltr'>Sis</span> <span class='ocrx_word' id='word_1_106' title='bbox 271 1711 363 1795; x_wconf 83' lang='lat' dir='ltr'>felix,</span> <span class='ocrx_word' id='word_1_107' title='bbox 386 1715 418 1776; x_wconf 87' lang='lat' dir='ltr'>et</span> <span class='ocrx_word' id='word_1_108' title='bbox 439 1714 504 1776; x_wconf 88' lang='lat' dir='ltr'>siut</span> <span class='ocrx_word' id='word_1_109' title='bbox 525 1712 658 1777; x_wconf 86' lang='lat' dir='ltr'>eandida</span> <span class='ocrx_word' id='word_1_110' title='bbox 678 1714 745 1777; x_wconf 86' lang='lat' dir='ltr'>fata</span> <span class='ocrx_word' id='word_1_111' title='bbox 765 1715 829 1778; x_wconf 90' lang='lat' dir='ltr'>tua.</span> <span class='ocrx_word' id='word_1_112' title='bbox 1079 1724 1113 1773; x_wconf 79' lang='lat'>30</span> 
     </span>
     <span class='ocr_line' id='line_1_18' title="bbox 157 1795 948 1880; baseline 0 -20"><span class='ocrx_word' id='word_1_113' title='bbox 157 1798 202 1860; x_wconf 84' lang='lat' dir='ltr'>At</span> <span class='ocrx_word' id='word_1_114' title='bbox 222 1816 282 1859; x_wconf 87' lang='lat' dir='ltr'>nos</span> <span class='ocrx_word' id='word_1_115' title='bbox 305 1817 432 1861; x_wconf 81' lang='lat' dir='ltr'>securae</span> <span class='ocrx_word' id='word_1_116' title='bbox 453 1795 619 1860; x_wconf 87' lang='lat' dir='ltr'>reddamus</span> <span class='ocrx_word' id='word_1_117' title='bbox 640 1801 785 1880; x_wconf 90' lang='lat' dir='ltr'>tempora</span> <span class='ocrx_word' id='word_1_118' title='bbox 805 1816 948 1860; x_wconf 85' lang='lat' dir='ltr'>mensae:</span> 
     </span>
     <span class='ocr_line' id='line_1_19' title="bbox 199 1878 846 1964; baseline 0 -20"><span class='ocrx_word' id='word_1_119' title='bbox 199 1878 298 1944; x_wconf 80' lang='lat' dir='ltr'>Venit</span> <span class='ocrx_word' id='word_1_120' title='bbox 318 1883 393 1964; x_wconf 90' lang='lat' dir='ltr'>post</span> <span class='ocrx_word' id='word_1_121' title='bbox 413 1880 532 1944; x_wconf 88' lang='lat' dir='ltr'>multos</span> <span class='ocrx_word' id='word_1_122' title='bbox 552 1902 618 1944; x_wconf 87' lang='lat' dir='ltr'>una</span> <span class='ocrx_word' id='word_1_123' title='bbox 638 1902 749 1944; x_wconf 88' lang='lat' dir='ltr'>serena</span> <span class='ocrx_word' id='word_1_124' title='bbox 770 1880 846 1944; x_wconf 90' lang='lat' dir='ltr'>dies.</span> 
     </span>
     <span class='ocr_line' id='line_1_20' title="bbox 157 1963 886 2050; baseline 0 -22"><span class='ocrx_word' id='word_1_125' title='bbox 157 1964 197 2029; x_wconf 80' lang='lat' dir='ltr'>lli</span> <span class='ocrx_word' id='word_1_126' title='bbox 218 1963 313 2045; x_wconf 89' lang='lat' dir='ltr'>mihi,</span> <span class='ocrx_word' id='word_1_127' title='bbox 337 1963 497 2028; x_wconf 80' lang='lat' dir='ltr'>difficilest</span> <span class='ocrx_word' id='word_1_128' title='bbox 518 1964 636 2028; x_wconf 85' lang='lat' dir='ltr'>imitari</span> <span class='ocrx_word' id='word_1_129' title='bbox 656 1964 771 2050; x_wconf 88' lang='lat' dir='ltr'>gaudia</span> <span class='ocrx_word' id='word_1_130' title='bbox 792 1965 886 2046; x_wconf 86' lang='lat' dir='ltr'>falsa,</span> 
     </span>
     <span class='ocr_line' id='line_1_21' title="bbox 198 2047 921 2133; baseline 0.003 -21"><span class='ocrx_word' id='word_1_131' title='bbox 198 2047 368 2113; x_wconf 80' lang='lat' dir='ltr'>Difficilest</span> <span class='ocrx_word' id='word_1_132' title='bbox 388 2048 473 2112; x_wconf 84' lang='lat' dir='ltr'>tristi</span> <span class='ocrx_word' id='word_1_133' title='bbox 494 2048 614 2132; x_wconf 86' lang='lat' dir='ltr'>fingere</span> <span class='ocrx_word' id='word_1_134' title='bbox 634 2053 741 2114; x_wconf 88' lang='lat' dir='ltr'>mente</span> <span class='ocrx_word' id='word_1_135' title='bbox 762 2050 881 2133; x_wconf 82' lang='lat' dir='ltr'>iocum,</span> <span class='ocrx_word' id='word_1_136' title='bbox 915 2063 921 2073; x_wconf 86' lang='lat'><strong><em>‘</em></strong></span> 
     </span>
     <span class='ocr_line' id='line_1_22' title="bbox 156 2131 1112 2218; baseline -0.001 -23"><span class='ocrx_word' id='word_1_137' title='bbox 156 2131 225 2196; x_wconf 87' lang='lat' dir='ltr'>Nee</span> <span class='ocrx_word' id='word_1_138' title='bbox 245 2132 327 2196; x_wconf 91' lang='lat' dir='ltr'>bene</span> <span class='ocrx_word' id='word_1_139' title='bbox 347 2133 493 2197; x_wconf 80' lang='lat' dir='ltr'>mendaci</span> <span class='ocrx_word' id='word_1_140' title='bbox 513 2133 595 2196; x_wconf 88' lang='lat' dir='ltr'>risus</span> <span class='ocrx_word' id='word_1_141' title='bbox 618 2133 808 2218; x_wconf 78' lang='lat' dir='ltr'>componitur</span> <span class='ocrx_word' id='word_1_142' title='bbox 829 2154 884 2198; x_wconf 89' lang='lat' dir='ltr'>ore</span> <span class='ocrx_word' id='word_1_143' title='bbox 890 2183 899 2215; x_wconf 99' lang='lat'>,</span> <span class='ocrx_word' id='word_1_144' title='bbox 1079 2144 1112 2194; x_wconf 80' lang='lat'>85</span> 
     </span>
     <span class='ocr_line' id='line_1_23' title="bbox 198 2213 910 2282; baseline 0.004 -4"><span class='ocrx_word' id='word_1_145' title='bbox 198 2213 267 2279; x_wconf 86' lang='lat' dir='ltr'>Nee</span> <span class='ocrx_word' id='word_1_146' title='bbox 288 2215 369 2280; x_wconf 87' lang='lat' dir='ltr'>bene</span> <span class='ocrx_word' id='word_1_147' title='bbox 391 2217 537 2281; x_wconf 77' lang='lat' dir='ltr'>sollicitis</span> <span class='ocrx_word' id='word_1_148' title='bbox 560 2217 646 2281; x_wconf 89' lang='lat' dir='ltr'>ebria</span> <span class='ocrx_word' id='word_1_149' title='bbox 666 2217 762 2282; x_wconf 86' lang='lat' dir='ltr'>verba</span> <span class='ocrx_word' id='word_1_150' title='bbox 784 2221 910 2282; x_wconf 89' lang='lat' dir='ltr'>sonant.</span> 
     </span>
     <span class='ocr_line' id='line_1_24' title="bbox 157 2296 961 2384; baseline 0.009 -25"><span class='ocrx_word' id='word_1_151' title='bbox 157 2296 240 2372; x_wconf 80' lang='lat' dir='ltr'>Quid</span> <span class='ocrx_word' id='word_1_152' title='bbox 261 2318 375 2380; x_wconf 90' lang='lat' dir='ltr'>queror</span> <span class='ocrx_word' id='word_1_153' title='bbox 396 2300 530 2363; x_wconf 81' lang='lat' dir='ltr'>infelix?</span> <span class='ocrx_word' id='word_1_154' title='bbox 552 2303 659 2384; x_wconf 72' lang='lat' dir='ltr'>turpes</span> <span class='ocrx_word' id='word_1_155' title='bbox 682 2301 832 2365; x_wconf 79' lang='lat' dir='ltr'>discedite</span> <span class='ocrx_word' id='word_1_156' title='bbox 854 2322 961 2365; x_wconf 82' lang='lat' dir='ltr'>aurae:</span> 
     </span>
     <span class='ocr_line' id='line_1_25' title="bbox 118 2379 800 2468; baseline 0.015 -30"><span class='ocrx_word' id='word_1_157' title='bbox 118 2433 120 2437; x_wconf 13' lang='lat' dir='ltr'>a</span> <span class='ocrx_word' id='word_1_158' title='bbox 199 2379 276 2444; x_wconf 91' lang='lat' dir='ltr'>Odit</span> <span class='ocrx_word' id='word_1_159' title='bbox 296 2380 439 2445; x_wconf 87' lang='lat' dir='ltr'>Lenaeus</span> <span class='ocrx_word' id='word_1_160' title='bbox 461 2383 564 2446; x_wconf 81' lang='lat' dir='ltr'>tristia</span> <span class='ocrx_word' id='word_1_161' title='bbox 585 2385 681 2448; x_wconf 88' lang='lat' dir='ltr'>verba</span> <span class='ocrx_word' id='word_1_162' title='bbox 700 2387 800 2468; x_wconf 86' lang='lat' dir='ltr'>pater.</span> 
     </span>
    </p>
   </div>
   <div class='ocr_carea' id='block_1_3' title="bbox 498 2508 761 2594">
    <p class='ocr_par' dir='ltr' id='par_1_3' title="bbox 498 2508 761 2594">
     <span class='ocr_line' id='line_1_26' title="bbox 498 2508 761 2546; baseline 0 0"><span class='ocrx_word' id='word_1_163' title='bbox 498 2508 517 2546; x_wconf 62' lang='lat'><em>8</em></span> <span class='ocrx_word' id='word_1_164' title='bbox 743 2509 761 2546; x_wconf 59' lang='lat' dir='ltr'>tl·-</span> 
     </span>
     <span class='ocr_line' id='line_1_27' title="bbox 620 2554 639 2594; baseline 0 0"><span class='ocrx_word' id='word_1_165' title='bbox 620 2554 639 2594; x_wconf 55' lang='grc' dir='ltr'><strong>ἑ</strong></span> 
     </span>
    </p>
   </div>
   <div class='ocr_carea' id='block_1_4' title="bbox 104 2631 1112 3639">
    <p class='ocr_par' dir='ltr' id='par_1_4' title="bbox 104 2631 1112 3639">
     <span class='ocr_line' id='line_1_28' title="bbox 157 2631 944 2719; baseline 0.003 -22"><span class='ocrx_word' id='word_1_166' title='bbox 157 2631 293 2714; x_wconf 85' lang='lat' dir='ltr'>Gnosia,</span> <span class='ocrx_word' id='word_1_167' title='bbox 315 2631 455 2696; x_wconf 85' lang='lat' dir='ltr'>Theseae</span> <span class='ocrx_word' id='word_1_168' title='bbox 479 2634 637 2717; x_wconf 91' lang='lat' dir='ltr'>quondam</span> <span class='ocrx_word' id='word_1_169' title='bbox 658 2634 795 2717; x_wconf 85' lang='lat' dir='ltr'>periuria</span> <span class='ocrx_word' id='word_1_170' title='bbox 815 2634 944 2719; x_wconf 83' lang='lat' dir='ltr'>linguae</span> 
     </span>
     <span class='ocr_line' id='line_1_29' title="bbox 104 2716 1112 2802; baseline 0.005 -24"><span class='ocrx_word' id='word_1_171' title='bbox 104 2771 107 2777; x_wconf 93' lang='lat'>.</span> <span class='ocrx_word' id='word_1_172' title='bbox 198 2716 330 2780; x_wconf 84' lang='lat' dir='ltr'>Flevisti</span> <span class='ocrx_word' id='word_1_173' title='bbox 351 2717 463 2802; x_wconf 81' lang='lat' dir='ltr'>ignoto</span> <span class='ocrx_word' id='word_1_174' title='bbox 483 2717 555 2781; x_wconf 88' lang='lat' dir='ltr'>sola</span> <span class='ocrx_word' id='word_1_175' title='bbox 575 2717 686 2782; x_wconf 80' lang='lat' dir='ltr'>relicta</span> <span class='ocrx_word' id='word_1_176' title='bbox 706 2719 800 2782; x_wconf 86' lang='lat' dir='ltr'>mari:</span> <span class='ocrx_word' id='word_1_177' title='bbox 1079 2731 1112 2782; x_wconf 77' lang='lat'>40</span> 
     </span>
     <span class='ocr_line' id='line_1_30' title="bbox 156 2799 932 2885; baseline 0.001 -20"><span class='ocrx_word' id='word_1_178' title='bbox 156 2799 210 2865; x_wconf 80' lang='lat' dir='ltr'>sio</span> <span class='ocrx_word' id='word_1_179' title='bbox 231 2800 346 2864; x_wconf 87' lang='lat' dir='ltr'>eeeinit</span> <span class='ocrx_word' id='word_1_180' title='bbox 366 2821 424 2884; x_wconf 90' lang='lat' dir='ltr'>pro</span> <span class='ocrx_word' id='word_1_181' title='bbox 446 2804 478 2865; x_wconf 90' lang='lat' dir='ltr'>te</span> <span class='ocrx_word' id='word_1_182' title='bbox 501 2802 626 2884; x_wconf 89' lang='lat' dir='ltr'>doetus,</span> <span class='ocrx_word' id='word_1_183' title='bbox 649 2801 765 2885; x_wconf 89' lang='lat' dir='ltr'>Minoi,</span> <span class='ocrx_word' id='word_1_184' title='bbox 789 2801 932 2868; x_wconf 73' lang='lat' dir='ltr'>Catullus</span> 
     </span>
     <span class='ocr_line' id='line_1_31' title="bbox 198 2883 785 2970; baseline 0.007 -23"><span class='ocrx_word' id='word_1_185' title='bbox 198 2883 321 2969; x_wconf 81' lang='lat' dir='ltr'>Ingrati</span> <span class='ocrx_word' id='word_1_186' title='bbox 342 2885 482 2968; x_wconf 78' lang='lat' dir='ltr'>referens</span> <span class='ocrx_word' id='word_1_187' title='bbox 504 2886 591 2970; x_wconf 89' lang='lat' dir='ltr'>inpia</span> <span class='ocrx_word' id='word_1_188' title='bbox 611 2885 696 2950; x_wconf 84' lang='lat' dir='ltr'>faeta</span> <span class='ocrx_word' id='word_1_189' title='bbox 716 2887 785 2951; x_wconf 86' lang='lat' dir='ltr'>viri.</span> 
     </span>
     <span class='ocr_line' id='line_1_32' title="bbox 156 2965 1018 3055; baseline 0.007 -24"><span class='ocrx_word' id='word_1_190' title='bbox 156 2965 224 3031; x_wconf 87' lang='lat' dir='ltr'>Vos</span> <span class='ocrx_word' id='word_1_191' title='bbox 246 2988 306 3053; x_wconf 82' lang='lat' dir='ltr'>ego</span> <span class='ocrx_word' id='word_1_192' title='bbox 327 2990 413 3034; x_wconf 88' lang='lat' dir='ltr'>nune</span> <span class='ocrx_word' id='word_1_193' title='bbox 433 2990 563 3034; x_wconf 89' lang='lat' dir='ltr'>moneo:</span> <span class='ocrx_word' id='word_1_194' title='bbox 585 2970 676 3053; x_wconf 79' lang='lat' dir='ltr'>felin,</span> <span class='ocrx_word' id='word_1_195' title='bbox 701 2972 887 3055; x_wconf 83' lang='lat' dir='ltr'>quicumque</span> <span class='ocrx_word' id='word_1_196' title='bbox 910 2970 1018 3037; x_wconf 85' lang='lat' dir='ltr'>dolore</span> 
     </span>
     <span class='ocr_line' id='line_1_33' title="bbox 198 3050 829 3138; baseline 0.01 -25"><span class='ocrx_word' id='word_1_197' title='bbox 198 3050 339 3115; x_wconf 85' lang='lat' dir='ltr'>Alterius</span> <span class='ocrx_word' id='word_1_198' title='bbox 361 3052 462 3118; x_wconf 84' lang='lat' dir='ltr'>diseas</span> <span class='ocrx_word' id='word_1_199' title='bbox 483 3075 577 3138; x_wconf 90' lang='lat' dir='ltr'>posse</span> <span class='ocrx_word' id='word_1_200' title='bbox 599 3075 708 3119; x_wconf 87' lang='lat' dir='ltr'>eavere</span> <span class='ocrx_word' id='word_1_201' title='bbox 729 3057 829 3119; x_wconf 86' lang='lat' dir='ltr'>tuum.</span> 
     </span>
     <span class='ocr_line' id='line_1_34' title="bbox 157 3133 1110 3222; baseline 0.004 -25"><span class='ocrx_word' id='word_1_202' title='bbox 157 3133 227 3198; x_wconf 90' lang='lat' dir='ltr'>Nee</span> <span class='ocrx_word' id='word_1_203' title='bbox 246 3155 303 3198; x_wconf 84' lang='lat' dir='ltr'>vos</span> <span class='ocrx_word' id='word_1_204' title='bbox 326 3140 380 3200; x_wconf 91' lang='lat' dir='ltr'>aut</span> <span class='ocrx_word' id='word_1_205' title='bbox 402 3137 528 3222; x_wconf 82' lang='lat' dir='ltr'>capiant</span> <span class='ocrx_word' id='word_1_206' title='bbox 548 3138 719 3222; x_wconf 90' lang='lat' dir='ltr'>pendentia</span> <span class='ocrx_word' id='word_1_207' title='bbox 739 3138 869 3203; x_wconf 81' lang='lat' dir='ltr'>brachia</span> <span class='ocrx_word' id='word_1_208' title='bbox 890 3139 972 3203; x_wconf 85' lang='lat' dir='ltr'>eollo</span> <span class='ocrx_word' id='word_1_209' title='bbox 1078 3151 1110 3201; x_wconf 75' lang='lat'>45</span> 
     </span>
     <span class='ocr_line' id='line_1_35' title="bbox 199 3217 922 3306; baseline 0.008 -26"><span class='ocrx_word' id='word_1_210' title='bbox 199 3217 267 3282; x_wconf 85' lang='lat' dir='ltr'>Aut</span> <span class='ocrx_word' id='word_1_211' title='bbox 288 3218 378 3284; x_wconf 88' lang='lat' dir='ltr'>fallat</span> <span class='ocrx_word' id='word_1_212' title='bbox 398 3220 515 3285; x_wconf 87' lang='lat' dir='ltr'>blanda</span> <span class='ocrx_word' id='word_1_213' title='bbox 537 3221 669 3286; x_wconf 87' lang='lat' dir='ltr'>subdola</span> <span class='ocrx_word' id='word_1_214' title='bbox 690 3222 800 3306; x_wconf 81' lang='lat' dir='ltr'>lingua</span> <span class='ocrx_word' id='word_1_215' title='bbox 820 3243 922 3304; x_wconf 87' lang='lat' dir='ltr'>preee.</span> 
     </span>
     <span class='ocr_line' id='line_1_36' title="bbox 157 3299 857 3385; baseline 0.009 -21"><span class='ocrx_word' id='word_1_216' title='bbox 157 3299 229 3365; x_wconf 81' lang='lat' dir='ltr'>Etsi</span> <span class='ocrx_word' id='word_1_217' title='bbox 249 3322 367 3385; x_wconf 88' lang='lat' dir='ltr'>perque</span> <span class='ocrx_word' id='word_1_218' title='bbox 389 3325 462 3368; x_wconf 88' lang='lat' dir='ltr'>suos</span> <span class='ocrx_word' id='word_1_219' title='bbox 483 3305 581 3369; x_wconf 85' lang='lat' dir='ltr'>fallax</span> <span class='ocrx_word' id='word_1_220' title='bbox 602 3305 718 3369; x_wconf 87' lang='lat' dir='ltr'>iurabit</span> <span class='ocrx_word' id='word_1_221' title='bbox 740 3306 857 3370; x_wconf 82' lang='lat' dir='ltr'>ocellos</span> 
     </span>
     <span class='ocr_line' id='line_1_37' title="bbox 200 3384 966 3473; baseline 0.008 -25"><span class='ocrx_word' id='word_1_222' title='bbox 200 3384 415 3470; x_wconf 91' lang='lat' dir='ltr'>Iunonemque</span> <span class='ocrx_word' id='word_1_223' title='bbox 437 3409 526 3452; x_wconf 90' lang='lat' dir='ltr'>suam</span> <span class='ocrx_word' id='word_1_224' title='bbox 546 3410 663 3472; x_wconf 88' lang='lat' dir='ltr'>perque</span> <span class='ocrx_word' id='word_1_225' title='bbox 685 3410 774 3453; x_wconf 88' lang='lat' dir='ltr'>suam</span> <span class='ocrx_word' id='word_1_226' title='bbox 795 3388 966 3473; x_wconf 87' lang='lat' dir='ltr'>Venerem,</span> 
     </span>
     <span class='ocr_line' id='line_1_38' title="bbox 158 3467 927 3556; baseline 0.007 -22"><span class='ocrx_word' id='word_1_227' title='bbox 158 3467 255 3534; x_wconf 89' lang='lat' dir='ltr'>Nulla</span> <span class='ocrx_word' id='word_1_228' title='bbox 275 3469 352 3533; x_wconf 90' lang='lat' dir='ltr'>fides</span> <span class='ocrx_word' id='word_1_229' title='bbox 374 3471 484 3536; x_wconf 87' lang='lat' dir='ltr'>inerit:</span> <span class='ocrx_word' id='word_1_230' title='bbox 505 3474 643 3556; x_wconf 88' lang='lat' dir='ltr'>periuria</span> <span class='ocrx_word' id='word_1_231' title='bbox 663 3473 745 3537; x_wconf 91' lang='lat' dir='ltr'>ridet</span> <span class='ocrx_word' id='word_1_232' title='bbox 765 3477 927 3539; x_wconf 86' lang='lat' dir='ltr'>amantum</span> 
     </span>
     <span class='ocr_line' id='line_1_39' title="bbox 200 3551 1112 3639; baseline 0.003 -21"><span class='ocrx_word' id='word_1_233' title='bbox 200 3551 343 3639; x_wconf 88' lang='lat' dir='ltr'>Iuppiter</span> <span class='ocrx_word' id='word_1_234' title='bbox 363 3557 396 3618; x_wconf 90' lang='lat' dir='ltr'>et</span> <span class='ocrx_word' id='word_1_235' title='bbox 416 3558 527 3620; x_wconf 87' lang='lat' dir='ltr'>ventos</span> <span class='ocrx_word' id='word_1_236' title='bbox 548 3557 638 3620; x_wconf 85' lang='lat' dir='ltr'>irrita</span> <span class='ocrx_word' id='word_1_237' title='bbox 658 3557 740 3621; x_wconf 85' lang='lat' dir='ltr'>ferre</span> <span class='ocrx_word' id='word_1_238' title='bbox 761 3558 857 3625; x_wconf 82' lang='lat' dir='ltr'>iubet</span> <span class='ocrx_word' id='word_1_239' title='bbox 1080 3573 1112 3621; x_wconf 77' lang='lat'>50</span> 
     </span>
    </p>
   </div>
   <div class='ocr_carea' id='block_1_5' title="bbox 0 0 1285 4094">
    <p class='ocr_par' dir='ltr' id='par_1_5' title="bbox 0 0 1285 4094">
     <span class='ocr_line' id='line_1_40' title="bbox 0 0 1285 4094; baseline 0 0"><span class='ocrx_word' id='word_1_240' title='bbox 0 0 1285 4094; x_wconf 95' lang='lat' dir='ltr'> </span> 
     </span>
    </p>
   </div>
  </div>
 </body>
</html>
