2558 4094
207 283 248 350 10
613 287 757 344 rmvnm
1091 287 1166 363 [un.

268 452 391 518 Necte
412 451 574 536 paeniteat
595 451 690 517 duros
712 452 845 518 subiisse
866 452 992 517 labores

311 538 379 601 Aut
399 557 495 620 opera
516 537 656 601 insuetas
678 537 844 601 atteruisse
865 558 993 617 manus,

268 619 353 703 Nec,
375 621 453 686 velit
473 620 598 684 insidiis
619 620 701 685 altas
723 621 751 684 si
773 619 917 685 claudere
938 621 1053 699 valles,

221 718 254 767 oo
311 704 397 768 Dum
417 704 557 788 placeas,
579 705 680 769 umeri
700 705 780 768 retia
800 705 882 771 ferre
903 708 1031 790 negent.

271 788 305 854 Si
325 788 412 853 volet
433 810 534 872 arma,
557 788 620 853 levi
640 789 811 871 temptabis
833 787 940 853 ludere
962 788 1089 853 dextras

313 872 413 956 Saepe
435 872 524 936 dabis
545 873 680 955 nudum,
702 873 810 937 vincat
830 875 867 936 ut
886 873 956 954 ille,
978 873 1072 936 latus.

270 955 352 1022 'I'um
372 956 433 1020 tibi
453 957 539 1020 mitis
562 957 635 1040 erit,
657 957 761 1041 rapias
783 960 853 1021 tum
875 977 948 1022 cara
969 956 1078 1021 licebit

313 1041 443 1105 Oscula:
465 1040 637 1125 pugnabit,
661 1041 716 1104 sed
736 1043 846 1125 tamen
867 1043 942 1124 apta
963 1039 1059 1103 dabit.

222 1137 254 1186 ⁶5
269 1124 318 1189 Ra
340 1128 374 1189 ta
395 1124 484 1188 dabit
503 1125 622 1209 primo,
644 1146 718 1188 mox
740 1125 851 1189 offeret
871 1125 941 1207 ipse
961 1124 1103 1209 roganti,

314 1148 394 1273 lost
414 1209 509 1273 etiam
531 1208 613 1273 collo
636 1230 670 1273 se
690 1209 874 1292 inplicuisse
895 1209 991 1272 volet.
1220 1204 1224 1224 ⁸

271 1293 343 1357 Heu
353 1293 436 1357 male
451 1313 536 1356 nunc
546 1295 630 1357 artes
642 1294 772 1356 miseras
783 1292 862 1357 haec
877 1293 1002 1356 saecula
1011 1295 1166 1358 tractant:

312 1376 382 1440 Iam
402 1379 492 1441 tener
510 1377 654 1441 adsuevit
674 1389 805 1441 munera
825 1376 906 1441 velle
927 1398 1015 1460 puer.

271 1463 318 1526 At
336 1464 387 1544 tu,
410 1461 464 1544 qui
485 1460 642 1525 Venerem
664 1461 800 1525 docuisti
820 1460 956 1525 vendere
977 1461 1098 1545 primus
1104 1508 1114 1543 ,

223 1559 257 1609 ⁶0
314 1545 463 1628 Quisquis
485 1566 534 1628 es,
557 1545 668 1609 infelix
689 1548 802 1629 urgeat
824 1567 896 1608 ossa
917 1545 1007 1628 lapis.

272 1629 430 1711 Pieridas,
452 1629 557 1712 pueri,
581 1628 690 1693 doctos
713 1633 745 1692 et
766 1634 871 1693 amate
891 1633 1016 1713 poetas,

314 1715 422 1778 Aurea
442 1735 502 1777 nec
524 1717 673 1797 superent
693 1735 826 1777 munera
846 1713 997 1778 Pieridas.

275 1798 422 1865 Carmine
442 1800 633 1882 purpureast
652 1797 725 1863 Nisi
747 1819 852 1863 coma:
875 1799 1016 1862 carmina
1035 1799 1071 1862 ni
1092 1798 1166 1882 sint,

314 1881 364 1946 Ex
385 1903 494 1945 umero
516 1881 644 1965 Pelopis
665 1903 732 1946 non
752 1883 902 1946 nituisset
923 1883 1008 1946 ebur.

224 1979 256 2029 ao
271 1965 372 2042 Quem
393 1966 532 2029 referent
551 1965 678 2047 Musae,
700 1967 800 2050 vivet,
823 1966 899 2030 dum
920 1966 1035 2030 robora
1057 1965 1167 2050 tellus,

314 2049 400 2114 Dum
421 2049 544 2113 caelum
566 2051 688 2132 stellas,
712 2049 786 2114 dum
807 2050 902 2114 vehet
923 2050 1026 2113 amnis
1046 2071 1153 2134 aquas.

273 2135 319 2198 At
340 2133 394 2216 qui
415 2154 482 2196 non
503 2132 591 2198 audit
611 2133 734 2215 Musas,
759 2135 813 2217 qui
833 2134 944 2198 vendit
964 2155 1119 2217 amorem,

315 2216 429 2281 Idaeae
451 2238 559 2280 currus
580 2218 635 2280 ille
657 2220 805 2301 sequatur
827 2217 906 2302 Opis

273 2302 318 2366 Et
337 2303 535 2366 tercentenas
558 2301 714 2365 erroribus
738 2303 864 2385 expleat
884 2303 977 2368 urbes

225 2399 258 2449 ro
314 2385 359 2450 Et
379 2388 465 2450 secet
486 2384 526 2448 ad
547 2384 704 2470 Phrygios
725 2386 802 2450 vilia
822 2388 964 2452 membra
984 2387 1106 2453 modos.

273 2469 445 2534 Blanditiis
466 2470 535 2534 volt
555 2491 624 2534 esse
648 2471 752 2534 locum
773 2470 883 2535 Venus
904 2473 989 2556 ipsa:
1012 2472 1146 2556 querelis

317 2553 535 2639 Supplicibus,
556 2554 680 2618 miseris
701 2554 827 2619 fletibus
848 2555 904 2619 illa
924 2555 1034 2620 favet!

275 2637 364 2702 Haec
385 2638 480 2721 mihi,
502 2659 581 2720 quae
603 2659 748 2702 canerem
762 2638 863 2721 Titio,
887 2639 963 2704 deus
986 2638 1085 2703 edidit
1099 2660 1169 2704 ore:

317 2721 379 2786 Sed
401 2722 520 2785 {litium
542 2723 680 2786 coniunx
701 2723 779 2786 haec
800 2723 980 2787 meminisse
1001 2725 1097 2787 vetat.

226 2818 259 2867 75
274 2804 387 2869 Pareat
407 2805 461 2869 ille
484 2826 572 2868 suae:
594 2827 651 2869 vos
672 2827 723 2869 me
746 2806 902 2871 celebrate
923 2808 1127 2892 magistrum,

318 2890 404 2964 Quos
425 2889 507 2952 male
529 2888 624 2952 habet
645 2890 745 2953 multa
767 2890 898 2954 callidus
921 2895 988 2955 arte
1008 2912 1096 2975 puer.

276 2973 387 3039 Gloria
408 2973 519 3056 cuique
542 2975 643 3036 suast:
665 2995 725 3057 me,
748 2975 802 3058 qui
817 2978 1014 3059 spernentur,
1030 2978 1170 3040 amantes

318 3056 524 3122 Consultent:
547 3058 668 3120 cunctis
690 3059 784 3122 ianua
805 3062 916 3123 nostra
936 3060 1033 3143 patet.

276 3141 414 3226 Tempus
436 3142 505 3224 erit,
527 3162 599 3204 cum
613 3164 664 3205 me
677 3142 811 3206 Veneris
828 3147 996 3226 praecepta
1018 3143 1171 3210 ferentem

227 3238 260 3288 80
316 3226 462 3290 Deducat
482 3226 631 3289 iuvenum
652 3226 761 3291 sedula
781 3227 874 3291 turba
895 3249 1012 3293 senem.

276 3308 348 3374 Heu
369 3309 431 3374 heu
452 3331 548 3393 quam
561 3309 725 3374 Marathus
740 3312 826 3375 lento
841 3333 892 3376 me
906 3315 1035 3396 torquet
1049 3312 1170 3376 amorel

318 3392 479 3457 Deficiunt
500 3397 600 3476 artes,
623 3393 834 3478 deficiuntque
857 3396 930 3460 doli.

276 3477 374 3543 Parce
380 3526 389 3560 ,
410 3497 504 3561 puer,
527 3498 658 3575 quaeso,
683 3500 724 3543 ne
745 3479 847 3563 turpis
868 3479 977 3544 fabula
996 3481 1087 3561 fiam,

320 3560 401 3626 Cum
422 3583 493 3625 mea
514 3562 663 3626 ndebunt
682 3585 764 3627 vana
784 3564 975 3648 magisteria.
