2558 4094
156 199 242 273 1111]
557 199 664 254 amsa
684 199 706 255 1
1078 194 1115 258 11

155 361 224 428 Ν11
245 363 349 426 taceat
362 364 569 426 monumenta
582 362 653 425 viae
658 410 667 443 ‚
691 382 785 444 quem
800 360 937 426 Tuscula
958 361 1054 426 tellus

199 444 402 529 Candidaque
425 446 555 529 antiquo
578 445 700 509 detinet
720 445 804 509 Alba
825 445 914 511 Lare.

155 529 303 614 Namque
325 530 438 613 opibus
460 532 614 614 congesta
634 529 698 593 tuis
720 529 772 592 hic
794 530 902 615 glarea
924 529 1002 594 dura

199 613 372 697 Sternitru,
394 613 447 679 hic
468 616 542 698 apta
563 614 706 698 iungitur
728 615 795 677 arte
817 614 905 678 silex.
1082 625 1118 677 so

156 697 202 763 Te
225 697 312 762 canit
334 697 488 783 agricola,
512 720 528 762 e
550 720 669 783 magna
691 719 763 762 cum
784 698 908 762 venerit
928 699 1006 764 urbe

199 781 294 847 Serus
315 782 506 846 inoffensum
527 783 748 866 rettuleritque
769 782 892 865 pedem.

156 867 203 930 At
222 871 272 949 tu,
294 867 410 930 natalis
432 867 550 931 multos
573 865 759 931 celebrande
781 887 838 949 per
860 886 979 951 annos,

199 949 372 1016 Candidior
394 972 518 1034 semper
540 951 765 1034 candidiorque
786 951 870 1015 veni.

561 1081 712 1089 —.-

585 1164 682 1238 VHI.

156 1288 233 1354 Non
254 1309 315 1353 erto
337 1289 432 1353 celari
453 1310 597 1372 possum,
620 1288 696 1371 quid
717 1291 814 1352 nutus
837 1289 973 1353 amantis

200 1343 322 1449 Quidve
342 1373 449 1437 ferant
469 1374 539 1437 miti
562 1373 647 1437 lenia
667 1373 764 1437 verba
785 1394 873 1437 sone.

157 1457 189 1522 N
191 1479 227 1521 ec
248 1456 328 1521 mihi
349 1460 425 1521 sunt
446 1460 545 1522 sortes
567 1479 626 1522 nec
649 1457 777 1521 conscia
797 1457 878 1521 fibra
899 1457 1046 1535 deorum,

199 1540 360 1605 Praecinit
383 1544 514 1606 eventus
536 1563 596 1606 nec
617 1541 696 1606 mihi
719 1543 831 1606 cantis
853 1540 934 1606 avis:

158 1624 233 1708 lpsa
254 1624 363 1689 Venus
384 1646 437 1688 ma
463 1625 510 1689 'co
531 1626 702 1710 religatum
723 1624 854 1689 brechia
873 1625 958 1689 nodo
1101 1638 1118 1685 1

199 1708 369 1773 Perdocuit
389 1711 498 1772 mutis
519 1731 587 1773 non
608 1711 677 1773 sine
698 1709 891 1773 verberibus.

157 1792 277 1859 Desine
298 1792 512 1857 dissimulare:
535 1793 611 1856 deus
634 1792 791 1857 crudelius
812 1793 891 1875 urit,

201 1876 285 1953 Quos
307 1877 394 1941 videt
414 1877 532 1941 invitos
555 1876 757 1942 succubuisse
780 1876 849 1941 sibi.

158 1962 244 2039 Quid
266 1961 327 2025 tibi
347 1983 432 2026 nunc
454 1962 566 2026 molles
588 1961 720 2048 prodest
740 1961 875 2025 coluisse
898 1961 1029 2045 capillos

200 2045 362 2130 Saepeque
383 2048 520 2111 mutatas
543 2045 736 2130 disposuisse
759 2067 880 2129 comas,
1087 2057 1120 2107 ιο

158 2130 242 2207 Quid
263 2130 335 2195 fuco
358 2152 373 2194 s
396 2130 545 2195 lendeute
565 2152 665 2217 genas
687 2151 799 2195 ornare
837 2130 913 2214 quid
934 2151 1058 2215 ungues

200 2214 341 2278 Artificis
364 2153 457 2279 dbcta
479 2216 676 2280 subsecuisse
696 2180 815 2279 manul

156 2297 289 2362 Frustra
309 2298 374 2360 iam
395 2301 514 2380 vestes,
535 2300 655 2364 frustra
675 2303 840 2364 mutantur
861 2300 1013 2380 amictus,

199 2382 350 2464 Ansaque
373 2402 560 2465 conpressos
582 2383 715 2467 colligat
735 2385 804 2446 arta
825 2382 930 2466 pedes.

156 2465 219 2530 Illa
239 2466 358 2549 placet,
382 2466 524 2548 quamvis
546 2467 668 2530 inculto
690 2467 813 2530 venerit
834 2488 888 2530 ore
1088 2479 1120 2528 15

200 2551 267 2615 Nec
288 2549 425 2613 nitidum
446 2549 538 2613 tarda
559 2550 730 2633 compserit
752 2553 819 2613 arte
841 2553 945 2634 caput.

158 2636 244 2701 Num
265 2638 298 2699 te
320 2634 527 2715 carminibus,
550 2656 627 2697 num
648 2636 680 2697 te
701 2633 895 2717 pollentibus
917 2634 1024 2700 herbis

200 2719 338 2784 Devovit
358 2719 456 2783 tacito
478 2722 622 2801 tempore
644 2718 749 2782 noetis
771 2718 873 2782 anus?

158 2803 280 2869 Cantus
302 2803 414 2868 vicinis
436 2803 545 2888 fruges
566 2801 706 2867 traducit
727 2803 767 2866 ab
789 2803 889 2888 agris,

200 2887 322 2953 Cantus
343 2891 376 2952 et
397 2888 496 2951 iratae
518 2887 642 2951 detinet
662 2909 703 2950 an
727 2888 775 2951 uis
797 2888 872 2971 iter,
1087 2900 1121 2950 20

75 3003 78 3007 ’
156 2969 278 3037 Cantus
300 2975 333 3036 et
354 2994 371 3036 e
393 2993 487 3037 curru
507 2971 632 3036 Lunam
654 2972 692 3036 de
715 2993 807 3036 uoere
828 2976 978 3056 temptat,

199 3054 244 3119 Et
264 3056 396 3139 faceret,
423 3057 450 3120 si
471 3077 539 3120 non
561 3077 634 3120 aera
655 3056 782 3139 repulsa
803 3061 927 3121 sonent.

156 3137 242 3212 Quid
264 3159 378 3221 queror
403 3139 466 3204 heu
487 3141 604 3204 misero
634 3141 951 3287 carmenhnqpuiqse,
980 3138 1056 3222 quid

788 3245 821 3287 er
844 3245 878 3288 as

200 3306 316 3370 Forma
336 3306 418 3371 nihil
438 3309 573 3393 magicis
595 3309 694 3373 utitur
716 3307 857 3372 auxiliis:
1023 3357 1026 3363 .

159 3390 222 3457 Sed
243 3411 356 3474 corpus
377 3392 435 3454 teti
458 3392 522 3456 isse
543 3396 653 3477 nocet,
676 3392 733 3456 sed
753 3392 852 3476 longe
873 3390 995 3457 dedisse
1086 3403 1118 3454 ao

201 3475 333 3558 Oscula,
356 3474 411 3539 sed
432 3413 546 3539 {mori
568 3477 765 3541 conseruisse
786 3475 897 3539 femur.

209 3577 333 3617 vannvs.
348 3611 350 3616 .
952 3582 969 3631 2
