2558 4094
205 304 225 371 8
621 309 763 366 navam
1105 311 1156 384 [m

310 471 446 556 Abdita,
469 493 563 555 quam
585 472 704 537 circum
725 472 856 537 flumina
876 472 970 570 nigra
992 475 1123 537 sonant:

268 557 503 642 Tisiphoneque
526 557 641 641 inpexa
662 557 747 622 feros
768 579 827 641 pro
850 557 988 622 crimbus
1010 579 1131 642 angues

220 653 254 703 70
311 641 432 724 Saevit,
458 643 490 705 et
510 640 573 704 huc
594 640 670 705 illuc
692 642 780 724 inpia
800 642 895 706 turba
915 641 1013 726 fugit:

269 726 359 790 (tnnc
380 725 473 810 niger
494 725 529 789 in
550 728 644 809 porta
665 729 848 809 serpentum
871 724 1026 791 Cerberus
1047 745 1103 790 ore

312 810 431 874 Stridet
453 811 485 873 et
507 811 627 873 aeratas
650 811 784 874 excubat
805 813 879 874 ante
900 810 996 874 fores.

268 893 340 958 lllic
361 892 518 957 Iunonem
539 896 697 977 temptare
718 893 838 957 Ixionis
861 894 928 957 ausi

310 977 489 1042 Versantur
511 978 605 1041 celeri
626 977 722 1041 noxia
743 978 885 1042 membra
905 980 992 1061 rota,

219 1073 253 1124 ‘15
267 1063 498 1145 Porrectusque
519 1083 635 1125 novem
657 1062 768 1145 Tityos
789 1084 847 1146 per
867 1063 978 1146 iugera
999 1065 1102 1127 terrae
1179 1070 1182 1077 '

309 1145 469 1210 Adsiduas
491 1148 559 1210 atro
582 1147 701 1210 viscere
723 1147 826 1229 pascit
847 1168 929 1210 aves.

269 1230 423 1295 Tantalus
446 1231 596 1311 estillic,
621 1234 654 1294 et
675 1231 793 1294 circum
814 1233 942 1315 stagna:
964 1230 1020 1295 sed
1042 1252 1145 1295 acrem

310 1314 379 1379 Iam
400 1315 464 1378 iarn
486 1315 592 1398 poturi
615 1314 732 1378 deserit
752 1313 837 1379 unda
858 1315 961 1379 sitim:

268 1398 312 1463 Et
334 1398 439 1462 Danai
460 1398 581 1482 proleS,
603 1397 737 1463 Veneris
759 1399 843 1483 qnod
863 1399 995 1462 numina
1016 1399 1123 1482 laesit,

219 1495 253 1545 80
309 1482 349 1546 In
371 1504 448 1548 cava
468 1482 621 1546 Lethaeas
644 1482 729 1546 dolia
749 1486 857 1567 portat
878 1504 985 1566 aquas.

268 1565 341 1631 Illic
363 1567 421 1649 sit,
444 1567 634 1650 quicumque
654 1588 743 1631 meos
765 1566 896 1631 violavit
917 1589 1055 1650 amoreS,

312 1652 444 1734 Optavit
465 1652 567 1715 lentas
590 1653 623 1715 et
643 1650 721 1714 mihi
742 1652 883 1716 militias.

268 1736 315 1800 At
334 1738 370 1799 tu
391 1738 478 1800 casta
498 1756 610 1819 precor
630 1756 775 1819 maneas,
798 1737 962 1820 sanctique
983 1735 1116 1820 pudoris

311 1819 466 1884 Adsideat
489 1823 595 1884 custos
618 1819 726 1884 sedula
748 1842 872 1917 semper
893 1842 981 1884 anus.

219 1916 253 1965 85
268 1902 357 1968 Haec
379 1904 438 1967 tibi
459 1904 592 1968 fabellas
614 1904 732 1968 referat
775 1908 919 1988 certaque
941 1904 1069 1968 lucerna

310 1987 457 2052 Deducat
477 1989 572 2070 plena
594 1989 732 2051 stamina
752 1927 850 2073 songa
872 1988 943 2052 colu
953 2037 962 2070 ‚

268 2072 314 2135 At
336 2072 420 2136 circa
441 2071 590 2156 gravibus
612 2072 718 2155 pensis
741 2073 836 2136 affixa
857 2073 963 2155 puella

311 2154 469 2219 Paulatim
490 2176 602 2219 somno
624 2155 709 2219 fessa
729 2157 872 2220 remittat
893 2178 983 2240 opus,

270 2239 351 2304 Tum
372 2240 498 2303 veniam
521 2239 643 2322 subito,
666 2261 725 2303 nec
747 2241 914 2324 quisquam
934 2241 1061 2306 nuntiet
1082 2243 1163 2326 ante,

218 2336 251 2385 90
311 2322 373 2388 Sed
394 2324 503 2387 videar
524 2323 611 2387 caelo
633 2324 749 2387 missus
772 2324 882 2389 adesse
903 2325 971 2389 tibi.

269 2407 359 2472 Tunc
379 2407 473 2481 mihi,
500 2408 601 2491 qualis
625 2407 701 2490 eris,
717 2408 846 2493 ⁴longos
870 2408 997 2472 turbata
1018 2411 1163 2494 capillos,

312 2491 414 2556 Obvia
434 2492 571 2574 nudato,
593 2491 701 2574 Delia,
724 2513 814 2557 curre
835 2493 924 2577 pede.

268 2573 340 2639 Hoc
360 2597 488 2659 precor,
510 2576 596 2640 hunc
618 2576 708 2639 illum
731 2577 823 2641 nobis
845 2578 970 2641 Aurora
990 2576 1146 2642 nitentem

310 2658 491 2724 Luciferum
512 2660 612 2724 roseis
635 2660 768 2724 candida
788 2663 894 2745 portet
916 2660 1012 2744 equis.

640 2875 710 2947 ΠΠ

270 2995 343 3063 ‘Sic
364 2997 514 3061 umbrosa
535 2997 594 3061 tibi
617 3000 806 3084 contingant
826 3001 923 3082 tecta,
946 3000 1077 3083 Priape,

216 3120 223 3131 ·
311 3081 361 3147 Ne
384 3082 481 3165 capiti
503 3082 602 3165 soles,
624 3104 665 3146 ne
685 3085 883 3166 noceantque
904 3083 1008 3148 nives:
1164 3090 1167 3094 ⁴

270 3165 357 3241 Quae
379 3167 436 3229 tua
456 3165 614 3230 formosos
637 3167 723 3250 cepit
743 3166 904 3231 sollertia?
932 3171 1016 3233 certe

311 3250 388 3315 Non
408 3249 468 3313 tibi
489 3250 588 3314 barba
608 3251 705 3332 nitet,
726 3273 793 3315 non
813 3250 874 3314 tibi
896 3252 981 3316 culta
1003 3255 1141 3336 comast,

237 3332 380 3398 oNudus
403 3337 435 3399 et
455 3334 606 3399 hibernae
627 3334 775 3418 producis
797 3335 916 3419 frigora
937 3336 1081 3419 brumae,

310 3416 423 3482 Nudus
446 3420 479 3482 ot
501 3418 612 3482 aestivi
633 3422 779 3502 tempora
800 3419 884 3482 sicca
906 3418 1025 3485 Oanis?

268 3497 322 3564 Sic
344 3521 420 3584 ego:
441 3504 511 3566 tum
531 3501 651 3566 Bacchi
672 3501 837 3586 respondit
856 3504 975 3568 rustica
995 3504 1117 3588 proles,

309 3584 462 3648 Armatus
485 3607 580 3651 curra
602 3586 648 3651 sic
669 3587 749 3652 mihi
772 3587 854 3652 falce
876 3587 962 3652 deus.
