2558 4094
154 275 214 356 vu]
538 275 646 331 trono
666 277 726 332 rm

155 440 201 503 At
221 459 307 503 nunc
328 441 396 502 tota
417 441 517 520 tuest,
538 442 570 503 te
592 438 696 502 solum
718 438 851 502 candida
872 459 978 503 secum

198 521 343 607 Cogitat,
366 525 398 586 et
418 522 537 586 frustra
558 522 684 587 credula
705 523 799 586 turba
821 523 918 586 sedet.

155 607 284 672 Phoebe
289 655 299 690 ,
321 606 407 671 fave:
429 607 497 670 laus
519 628 637 703 magna
657 607 717 670 tibi
737 607 893 671 tribuetur
914 607 948 669 in
973 627 1037 670 uno

199 690 342 774 Corpore
362 695 486 755 servato
508 692 683 756 restituisse
706 690 794 755 duos.
1083 703 1119 751 20‘

156 775 225 839 lem
247 774 385 858 celeber,
407 775 472 839 iarn
493 775 595 839 laetus
616 775 694 858 eris,
717 797 788 840 curn
811 773 918 839 debita
938 773 1049 838 reddet

200 858 353 925 Certatim
376 861 496 931 sanctis
517 860 618 924 laetus
640 862 772 942 uterque
793 859 883 923 fecie.

157 943 247 1010 Tune
268 948 301 1006 te
322 943 448 1007 felicem
471 943 555 1008 dicet
576 944 630 1027 pia
650 943 743 1008 turba
765 943 911 1027 deorum,
1084 952 1117 1006 25

200 1026 366 1111 Optebunt
387 1031 470 1092 artes
493 1030 525 1092 et
546 1028 607 1092 sibi
630 1028 762 1111 quisque
784 1031 865 1092 tuae.

615 1240 648 1314 V

159 1364 220 1440 Qui
234 1363 314 1429 mihi
327 1367 374 1447 te,
390 1363 541 1430 Cerintho
549 1413 558 1446 ,
575 1365 641 1428 dies
656 1365 758 1446 dedit,
773 1364 826 1429 hic
841 1364 921 1428 mihi
935 1367 1063 1429 sanctus

199 1449 306 1532 Atque
329 1449 413 1513 inter
435 1449 536 1513 festos
559 1471 683 1532 semper
703 1449 867 1514 habendus
889 1450 957 1513 erit.

158 1532 203 1597 Te
225 1537 377 1597 nascente
397 1553 516 1597 novum
537 1533 655 1598 Parcae
677 1535 818 1598 cecinere
839 1533 953 1617 puellis

201 1616 371 1681 Servitium
393 1619 425 1682 et
446 1616 602 1682 dederunt
623 1639 723 1703 regna
744 1618 879 1702 superba
900 1617 971 1681 tibi.

163 1701 243 1766 Vror
257 1723 274 1765 e
299 1723 317 1764 ο
333 1705 407 1766 ante
421 1701 515 1766 elias:
530 1702 617 1766 iuvat
631 1701 702 1784 hoc,
719 1700 878 1783 Cerintho,
895 1701 979 1784 quod
993 1723 1077 1786 uror,
1103 1713 1119 1762 o

201 1785 236 1851 Si
256 1723 316 1849 ulti
339 1786 378 1850 de
401 1785 495 1848 nobis
516 1787 679 1849 mutuuei
728 1785 735 1799 ‘
775 1784 874 1848 adest.

162 1870 289 1935 Mutuus
311 1870 394 1933 adsit
415 1889 520 1951 emor,
542 1873 652 1953 perte
674 1807 857 1933 ddldssima
878 1869 963 1933 furta

201 1954 324 2037 Perque
345 1957 418 2017 tuos
441 1954 549 2017 oculos
571 1975 628 2037 per
650 1953 849 2036 Geniumque
870 1974 905 2017 ro
930 1975 959 2018 o.

162 2039 277 2122 Magne
301 2037 397 2121 Geni,
421 2058 497 2122 cape
518 2040 590 2101 turc
611 2038 714 2102 libens
735 2039 880 2120 votisque
902 1975 1025 2120 faveto,

203 2123 237 2187 Si
259 2122 371 2205 modo,
395 2143 467 2186 cum
489 2122 527 2187 de
548 2143 600 2186 me
623 2123 756 2208 cogitat,
780 2123 833 2186 ille
856 2123 946 2187 calet.
1090 2137 1122 2186 ιο

160 2206 253 2282 Quod
275 2207 302 2270 si
323 2207 407 2271 forte
429 2208 507 2271 alios
529 2207 593 2270 iam
614 2228 699 2270 nunc
721 2229 773 2270 sus
797 2207 860 2270 iret
881 2228 1019 2290 amores,

202 2290 292 2354 Tunc
313 2311 426 2374 precor
447 2290 579 2374 infidos,
603 2295 725 2371 sancte,
747 2230 890 2373 relinque
911 2290 1010 2355 focos.

164 2374 192 2440 N
195 2395 230 2438 ec
251 2377 287 2438 tu
309 2374 352 2436 ris
374 2374 506 2456 iniuste,
528 2372 652 2437 Venus:
675 2375 726 2438 vel
748 2374 864 2438 serviet
885 2395 982 2457 aeque

203 2457 339 2522 Vinctus
361 2462 432 2522 uter
454 2479 493 2522 ue
514 2458 589 2540 tibi,
611 2459 662 2522 vel
682 2480 754 2522 mee
774 2459 881 2523 vincla
902 2459 980 2524 leva.

163 2542 225 2610 Sed
246 2542 353 2625 potius
374 2479 479 2606 valida
499 2546 663 2605 teneamur
683 2547 814 2626 uterque
837 2545 962 2626 catena,
1091 2555 1122 2605 1⁶

204 2627 302 2691 Nulla
323 2629 418 2709 queat
438 2625 574 2710 posthac
595 2646 655 2690 nos
678 2626 811 2690 soluisse
833 2627 909 2691 dies,

164 2711 263 2794 Optat
283 2710 368 2775 idem
390 2711 513 2774 iuvenis
535 2710 620 2793 quod
640 2731 715 2793 noe,
738 2709 793 2774 sed
814 2711 928 2774 tectius
951 2715 1056 2795 optet:

204 2796 289 2860 Nam
333 2794 410 2859 udet
429 2794 507 2859 haec
529 2794 619 2858 illum
641 2794 745 2858 dicere
767 2794 863 2858 verba
883 2795 1000 2878 palum.

166 2883 208 2943 At
229 2884 279 2963 tu,
335 2879 441 2962 atalia,
465 2879 614 2963 quoniam
637 2878 713 2943 deus
735 2879 843 2943 omnia
864 2880 962 2944 sentis
969 2929 978 2963 ,

206 2964 337 3028 Adnue:
360 2963 436 3047 quid
456 2964 568 3047 refert,
592 2964 715 3027 clamne
737 2965 883 3048 palamne
904 2965 1018 3048 roget?
1091 2977 1123 3026 2⁰

571 3096 720 3104 -—-———

611 3178 670 3252 VI.

169 3299 290 3365 Natalis
311 3302 409 3383 Iuno,
433 3305 559 3366 sanctos
582 3322 658 3385 cape
679 3302 759 3366 turis
782 3322 924 3383 acervos,

208 3384 294 3460 Quos
315 3384 376 3449 tibi
399 3385 453 3449 dat
473 3389 582 3450 tenera
604 3386 698 3450 docta
719 3387 825 3470 puella
845 3407 950 3450 manu.

172 3473 247 3534 tota
268 3469 360 3533 tibist
380 3469 490 3552 hodie,
512 3470 572 3534 tibi
595 3492 628 3535 se
650 3471 823 3534 laetissima
845 3471 997 3555 compsit,

208 3553 314 3619 Staret
334 3557 371 3618 ut
392 3557 466 3619 ente
487 3556 560 3619 tuos
583 3553 805 3636 conspiciende
826 3553 925 3618 focos.
