2558 4094
160 265 202 332 50
567 269 709 327 'lucum
1086 270 1120 342 [l.

223 435 315 502 Solus
337 438 471 520 utroque
492 434 576 500 idem
599 435 711 499 diceris
733 455 868 520 magnus
890 435 925 499 in
947 434 1033 499 orbe.

264 519 340 585 Non
361 541 421 606 ego
443 541 513 584 sum
534 520 611 585 satis
633 519 674 583 ad
694 521 802 584 tentae
816 520 985 603 praeconia
1006 517 1120 602 laudis,

222 603 239 669 I
262 626 296 670 se
317 604 397 669 mihi
417 625 485 668 non
507 604 535 668 si
552 604 751 702 praescribat
772 605 912 668 carmine
932 603 1090 667 Phoebus.

253 692 284 753 st
302 689 376 772 tibi,
399 689 453 772 qui
474 691 576 773 possrt
596 690 722 772 magnis
744 709 778 752 se
800 689 890 752 cccin
914 709 966 752 ere
987 687 1096 770 rebus,

162 786 210 836 180
221 772 370 859 Valgius:
393 776 520 838 aeterno
542 775 672 856 propior
693 793 761 837 non
781 773 862 836 alter
916 792 1034 835 omero.

223 857 389 942 Languida
409 879 476 923 non
497 860 607 921 noster
622 857 748 955 peragit
767 857 857 921 labor
872 858 952 937 otia,
975 856 1119 939 quamvis

222 942 379 1022 Fortuna,
401 945 438 1006 ut
458 962 528 1006 mos
550 944 599 1006 est
619 941 682 1024 rlli,
704 963 755 1005 me
777 940 909 1005 adversa
929 940 1053 1024 fatiget.

222 1025 307 1091 Nam
320 1025 414 1108 mihi,
429 1048 502 1090 oum
515 1026 640 1110 magnis
655 1025 769 1108 opibus
784 1025 895 1089 domus
913 1025 978 1088 ulta
991 1025 1118 1106 niteret,

223 1109 283 1177 Oui
304 1111 430 1175 fuerant
449 1110 523 1174 flavi
545 1110 683 1174 ditantes
704 1109 814 1174 ordine
837 1109 917 1173 suloi

161 1207 209 1258 185
220 1195 344 1260 Horrea
364 1194 515 1260 fecundas
537 1194 577 1258 ad
599 1193 777 1258 deficientia
797 1215 931 1276 messes,

224 1278 345 1363 Cuique
366 1300 462 1363 pecus
485 1279 583 1343 denso
605 1279 780 1362 pascebant
801 1280 928 1362 agmine
951 1278 1048 1342 colles

223 1363 282 1512 git
303 1363 432 1428 domino
455 1363 532 1426 satis
555 1365 587 1426 et
607 1363 741 1426 nimium
762 1363 886 1445 furique
908 1361 1075 1448 lupoque),
1163 1395 1166 1406 ·

256 1469 318 1512 uno
341 1447 530 1511 desiderium
552 1449 709 1529 superest:
734 1468 809 1510 nam
832 1466 906 1510 cura
927 1449 1076 1527 novatur,
1131 1499 1136 1510 .

223 1530 304 1596 (lum
330 1552 452 1596 memor
479 1535 552 1596 ante
579 1533 667 1595 actos
694 1551 819 1615 semper
852 1530 943 1594 dolor
970 1529 1121 1594 admonet

765 1637 875 1680 annos,

161 1715 210 1765 190
220 1699 283 1767 Sed
304 1701 381 1766 licet
401 1701 562 1786 asperiora
584 1700 699 1765 cadant
721 1701 898 1785 spolierque
919 1700 1055 1781 relictis,

221 1785 298 1851 Non
318 1789 351 1850 te
373 1785 521 1850 deficient
541 1788 669 1849 nostrae
691 1805 866 1849 memorare
888 1783 1053 1849 Camenae.

223 1869 292 1935 Nec
315 1870 417 1935 solum
439 1871 499 1935 tibi
520 1869 617 1934 Pierii
637 1869 816 1934 tribuentur
837 1868 991 1932 honores:

223 1954 284 2019 Pro
305 1957 338 2019 te
359 1955 410 2018 vel
430 1953 556 2018 rabidas
578 1954 679 2017 ausim
700 1954 797 2017 meris
819 1954 863 2016 ire
885 1973 942 2036 per
963 1951 1084 2033 undas,

222 2037 373 2102 Adversis
394 2037 528 2101 hiberna
549 2037 624 2101 licet
644 2040 788 2101 tumeant
808 2036 890 2100 freta
910 2037 1031 2118 ventis,

161 2133 208 2182 195
220 2121 282 2185 Pro
304 2125 336 2185 te
358 2122 409 2185 vel
430 2121 537 2185 densis
559 2120 645 2185 solus
667 2121 838 2184 subsistere
858 2120 971 2183 turmis

221 2204 283 2269 Vel
304 2226 441 2290 pronum
454 2205 615 2269 Aetnaeae
631 2224 745 2287 corpus
761 2204 949 2268 conmittere
963 2205 1115 2268 flammae.

223 2289 300 2355 Sum
322 2289 556 2374 quodcumque,
577 2292 707 2353 tuomst.
739 2289 841 2353 nostri
858 2289 886 2352 si
899 2289 1030 2372 parvola
1044 2310 1119 2353 cura

223 2373 272 2440 Sit
285 2375 354 2457 tibi,
377 2373 596 2458 quantalibet,
620 2374 648 2438 si
663 2373 705 2437 sit
718 2373 823 2456 modo,
846 2393 914 2437 non
927 2373 1006 2437 mihi
1020 2395 1121 2457 regna

221 2457 336 2543 Lydia,
357 2480 425 2524 non
445 2459 554 2544 magni
575 2458 683 2543 potior
705 2459 747 2523 sit
768 2458 854 2522 fama
876 2457 1023 2605 Gplippb

160 2556 209 2604 coo
219 2543 318 2608 Posse
339 2543 491 2608 Meleteas
512 2564 572 2607 neo
592 2543 721 2607 mallem
742 2543 867 2607 vincere
891 2562 908 2605 c
932 2546 1025 2605 artas.

225 2627 316 2702 Quod
337 2627 396 2692 tibi
418 2629 445 2692 si
466 2649 576 2692 versus
597 2630 721 2707 noster,
744 2630 868 2690 totusve
890 2627 1051 2707 minusve,

221 2710 282 2775 Vel
303 2712 384 2775 bene
405 2713 447 2775 sit
468 2716 578 2794 notus,
601 2732 724 2776 summo
746 2712 797 2775 vel
818 2711 982 2774 inhaereat
1004 2729 1072 2790 ore,

221 2793 320 2858 Nulla
340 2795 419 2858 mihi
440 2796 581 2859 statuent
602 2795 751 2859 finem'te
772 2796 839 2858 fata
861 2792 1003 2858 canendi.

223 2876 307 2952 Quin
328 2878 423 2940 etiam
444 2900 515 2941 mea
536 2900 608 2942 oum
629 2878 768 2942 tumulus
791 2877 966 2942 contexerit
987 2896 1075 2959 ossa,

160 2974 208 3023 205
221 2960 284 3026 Seu
304 2963 428 3025 matura
448 2960 515 3025 dies
537 2962 671 3026 celerem
695 2964 846 3045 properat
866 2959 945 3024 mihi
966 2963 1101 3026 mortem
1107 3010 1120 3045 ,

222 3044 335 3130 Longa
355 3047 464 3110 manet
485 3067 541 3110 seu
561 3045 640 3129 vita,
662 3048 784 3128 tamen,
806 3048 928 3108 mutata
948 3045 1050 3130 figura

223 3130 286 3195 Seu
306 3152 358 3195 me
379 3130 481 3216 finget
502 3152 619 3215 equum
639 3130 760 3215 rigidos
781 3150 963 3213 percurrere
989 3151 1117 3214 campos

223 3213 362 3280 Doctum
384 3237 440 3280 seu
461 3216 544 3280 tardi
565 3214 689 3300 pecoris
712 3214 773 3278 sim
793 3214 897 3299 gloria
917 3217 1025 3279 taurus

224 3299 297 3365 Sive
320 3321 379 3385 ego
401 3322 458 3384 per
473 3301 496 3364 li
518 3299 627 3364 nidum
641 3299 778 3363 volucris
793 3298 889 3363 vehar
903 3321 975 3364 aere
988 3299 1116 3382 pennis,

160 3397 209 3447 210
220 3384 487 3468 Quandocumque
497 3322 663 3449 bominem
678 3404 729 3447 me
743 3384 841 3469 longa
854 3384 1010 3468 receperit
1020 3386 1119 3463 aetas,

156 3529 164 3541 ,
222 3467 361 3551 Inceptis
384 3469 422 3533 de
445 3472 477 3532 te
499 3468 664 3533 subtexam
686 3469 826 3533 carmina
848 3469 975 3533 chartis.
