2558 4094
216 272 260 340 lo
622 277 764 361 risun
947 309 949 312 >
1098 277 1175 341 suu.

279 440 368 506 Artis
391 461 470 524 opus
491 461 596 523 rarae,
618 441 744 525 fulgens
765 441 923 506 testudine
945 443 977 506 et
998 459 1074 506 auro

321 525 484 589 Pendebat
505 525 594 589 laeva
614 525 741 609 garrula
761 528 851 609 parte
872 526 949 609 lyra.
1097 581 1099 584 ,

279 608 373 673 Hanc
393 608 531 693 primum
551 610 681 673 veniens
699 609 820 692 plectro
841 610 1020 674 modulatus
1043 608 1173 693 eburno,

231 706 264 756 ιο
319 692 441 758 Felices
463 695 573 757 cantus
595 714 649 757 ore
672 696 804 758 sonante
826 692 926 758 dedit:

279 775 342 843 Sed
363 780 531 924 postqqam
552 777 678 841 fuerant
699 777 789 874 digiti
813 798 884 842 cum
905 799 981 843 voce
1002 777 1116 861 locuti,

321 860 431 925 Edidit
475 882 531 925 aec
553 860 638 925 dulci
658 861 762 926 tristia
781 863 877 927 verba
897 861 1000 926 modo.

279 943 389 1010 ‘Salve
395 993 405 1028 ,
428 967 502 1009 cura
523 944 631 1009 deum:
654 949 740 1010 casto
761 968 836 1010 narn
857 947 917 1010 rite
939 949 1050 1029 poetae

320 1029 530 1112 Phoebusque
552 1032 585 1094 et
604 1028 748 1094 Bacchus
770 1030 972 1113 Pieridesque
992 1030 1116 1094 favent:

229 1125 263 1176 45
278 1112 341 1179 Sed
361 1112 466 1196 proles
489 1112 624 1178 Semeles
646 1113 791 1178 Bacchus
814 1115 985 1198 doctaeque
1007 1134 1131 1178 sorores
1214 1178 1217 1184 ,

314 1196 435 1261 ‘Dicere
455 1218 522 1262 non
542 1200 675 1281 norunt,
698 1198 773 1282 quid
794 1198 877 1263 ferat
896 1197 976 1262 hora
997 1218 1149 1282 sequensz

278 1281 324 1345 At
345 1280 424 1344 mihi
446 1281 584 1346 fatorum
605 1281 692 1366 leges
714 1281 845 1364 aerique
866 1282 964 1345 futuri

320 1364 482 1429 Eventus
502 1369 592 1449 pater
613 1386 707 1449 posse
727 1365 833 1430 videre
855 1365 950 1430 dedit.

281 1449 384 1524 Quare
406 1469 465 1533 ego
488 1471 567 1532 quae
588 1449 658 1513 dico
680 1471 747 1514 non
767 1450 865 1514 fallax
886 1450 993 1532 accipe
1014 1452 1121 1533 vateS,
1239 1456 1242 1462 '

230 1544 265 1596 50
321 1531 483 1616 Quodque
495 1533 571 1597 deus
592 1553 666 1597 vero
690 1532 847 1617 Cynthius
869 1555 924 1598 ore
944 1535 1053 1598 feram.

279 1614 417 1680 Tantum
440 1638 511 1681 cara
532 1616 606 1699 tibi,
630 1621 782 1700 quantum
802 1639 862 1682 nec
883 1618 949 1682 filia
969 1618 1077 1697 matri,

322 1699 482 1776 Quantum
503 1723 562 1766 nec
584 1701 698 1784 cupido
721 1701 804 1766 bello
824 1703 930 1786 puella
951 1703 1035 1785 viro,

278 1783 342 1850 Pro
365 1806 428 1869 qua
449 1786 602 1850 sollicitas
624 1787 771 1851 caelestia
791 1787 923 1851 numina
943 1788 1041 1870 votis,

322 1867 409 1944 Quae
429 1869 489 1934 tibi
510 1891 637 1935 securos
658 1891 726 1935 non
747 1870 824 1935 sinit
843 1871 890 1935 ire
912 1871 994 1953 dies,

228 1963 263 2015 55
277 1951 322 2016 Et
343 1973 416 2018 curn
436 1955 469 2018 te
490 1954 579 2019 fusco
602 1952 731 2019 somnus
753 1955 870 2018 velavit
890 1955 1022 2036 amictu,

322 2035 448 2100 Vanum
469 2038 633 2102 nocturnis
655 2039 738 2102 fallit
758 2037 965 2121 imaginibus,

280 2117 481 2185 Carminibus
503 2120 660 2185 celebrata
680 2121 743 2184 tuis
764 2121 905 2184 formosa
925 2119 1052 2186 Neaera

322 2202 463 2267 Alterius
484 2204 604 2269 mavolt
625 2224 693 2268 esse
715 2204 822 2288 puella
842 2204 918 2288 riri,

276 2285 487 2371 Diversaeque
510 2309 581 2352 suas
604 2289 705 2372 agitat
724 2309 815 2352 mens
836 2288 924 2371 inpia
945 2310 1050 2372 curae,

231 2383 266 2434 oo
320 2371 390 2438 Nec
452 2371 528 2437 udet
548 2375 634 2437 easta
654 2375 754 2456 nupta
775 2371 897 2437 Neaera
919 2375 1022 2438 domo.

280 2456 326 2539 A,
349 2477 404 2520 cru
427 2458 475 2521 ele
496 2478 596 2542 genus
618 2477 678 2522 nec
698 2457 795 2521 fidum
816 2456 936 2521 femina
955 2455 1088 2524 nomen!

320 2541 366 2624 A,
387 2543 510 2624 pereat,
533 2541 644 2608 didicit
663 2536 773 2606 fallere
795 2541 885 2625 siqua
905 2542 1016 2606 virum.

281 2623 343 2689 Sed
363 2624 449 2689 flecti
469 2625 601 2710 poterit:
622 2647 712 2690 mens
735 2628 784 2690 est
804 2627 964 2690 mutabilis
985 2626 1065 2690 illis:

322 2707 371 2772 Tu
391 2708 486 2773 modo
508 2731 580 2774 cum
601 2711 701 2773 mults
722 2708 851 2774 brachia
871 2709 965 2774 tende
986 2729 1088 2792 prece.

231 2802 265 2854 eo
283 2790 400 2856 Saevus
421 2791 522 2856 Amor
543 2793 650 2857 docuit
672 2793 776 2857 varios
797 2796 953 2876 temptare
977 2793 1118 2875 labores,

323 2872 441 2938 Saevus
462 2876 564 2939 Amor
585 2876 692 2940 docuit
712 2877 843 2940 verbera
863 2877 1053 2973 possepati.

281 2957 334 3023 Me
356 2958 515 3043 quondam
536 2958 665 3023 Admeti
687 2959 795 3023 niveas
809 2961 941 3106 pavisse
962 2980 1110 3024 iuvencas

322 3041 398 3107 Non
419 3044 468 3107 est
488 3043 523 3106 in
543 3064 660 3107 vanum
681 3043 789 3107 fabula
832 3046 883 3108 cta
903 3043 1022 3107 iocum:

281 3126 370 3193 Tunc
392 3147 451 3212 ego
472 3148 533 3192 nec
555 3126 676 3191 cithara
696 3130 839 3211 poteram
860 3126 996 3212 gaudere
1018 3149 1134 3193 sonora

197 3247 199 3254 ι
232 3224 266 3274 ro
322 3211 390 3277 Nec
413 3211 531 3276 similes
553 3211 680 3275 chordis
701 3211 831 3276 reddere
852 3232 929 3276 voce
952 3233 1064 3296 sonos,

282 3295 343 3361 Sed
364 3295 541 3380 perlucenti
563 3299 675 3360 cantus
696 3294 872 3360 meditabar
894 3317 994 3360 avena

323 3379 383 3444 ille
404 3401 464 3465 ego
485 3379 625 3446 Latonae
647 3379 730 3444 filius
752 3382 845 3464 atque
867 3379 962 3445 Iovis.

169 3502 172 3506 ·
280 3463 394 3530 Nescis
416 3463 491 3548 quid
513 3464 556 3528 sit
577 3484 680 3547 amor,
702 3463 840 3548 iuvenis,
864 3465 891 3528 si
912 3465 994 3529 ferre
1016 3483 1142 3530 recusas

322 3545 471 3612 Inmitem
494 3548 655 3612 dominam
677 3547 920 3634 coniugiumque
942 3550 1053 3616 ferum.
