2558 4094
225 255 264 322 12
629 262 772 318 mavum
1134 262 1182 335 fv,

286 424 386 509 Saepe
408 447 468 511 ego
489 425 642 510 temptavi
664 447 754 490 curas
776 425 931 510 depellere
952 426 1044 491 vino:

327 510 373 573 At
394 509 484 574 dolor
505 510 539 574 in
561 510 707 574 lacrimas
729 513 865 574 verterat
887 532 980 575 omne
1001 532 1131 575 mamm.

286 593 385 678 Saepe
407 594 501 658 aliam
522 595 625 659 tenui:
655 594 710 658 sed
731 595 794 658 iam
817 615 888 658 curn
933 595 1025 659 audia
1046 595 1178 678 adirem,

235 690 269 739 40
325 677 502 742 Admonuit
523 678 669 742 dominae
691 677 890 761 deseruitque
943 700 1029 744 enus.

284 761 375 826 'ltine
395 784 446 825 me
468 762 632 826 discedens
654 761 801 826 devotum
822 762 942 826 femina
963 763 1044 826 dixit

327 845 370 932 (A
414 845 502 932 udat)
526 850 558 910 et
578 849 689 910 narrat
710 846 790 910 scire
812 846 951 910 nefanda
972 868 1084 912 meam.

283 929 360 995 Non
395 930 459 994 acit
479 929 540 995 hoc
562 931 683 1013 verbis,
707 931 788 994 facie
809 930 987 1013 tenerisque
1010 931 1137 995 lacertis

325 1012 469 1078 Devovet
491 1018 523 1079 et
543 1014 633 1078 flavis
654 1017 765 1079 nostra
784 1015 891 1098 puella
913 1015 1021 1079 comis.

235 1111 268 1161 45
283 1098 370 1162 Talis
392 1097 433 1162 ad
453 1097 666 1163 Haemonium
687 1098 800 1164 Nereis
822 1099 917 1162 Pelea
938 1099 1098 1182 quondam

325 1182 457 1247 Vectast
477 1183 601 1247 frenato
624 1184 749 1247 caerula
769 1183 856 1266 pisce
878 1182 997 1247 Thetis.

283 1266 371 1331 Haec
385 1288 521 1331 nocuere
535 1266 629 1349 mihi,
645 1267 730 1350 quod
744 1267 834 1330 adest
846 1266 920 1330 huic
935 1266 1021 1331 dives
1040 1269 1179 1332 amator:

325 1349 424 1414 Venit
444 1351 479 1414 in
501 1351 631 1415 exitium
653 1351 768 1415 callida
789 1352 861 1414 lena
882 1372 996 1415 meum.

286 1433 484 1519 Sanguineas
505 1435 578 1498 edat
598 1435 654 1499 illa
675 1435 771 1519 dapes
793 1438 887 1518 atque
909 1457 963 1500 ore
986 1437 1116 1499 cruento

234 1531 268 1582 ⁶0
324 1519 442 1582 Tristia
463 1540 535 1583 cum
556 1520 657 1583 multo
678 1520 794 1602 pocula
814 1520 889 1583 felle
910 1519 1013 1584 bibat:

284 1602 378 1667 Hanc
399 1603 535 1667 volitent
556 1604 679 1668 animae
701 1604 819 1668 circum
847 1625 903 1668 sua
923 1603 992 1667 fata
1013 1605 1179 1687 querentes

326 1686 457 1770 Semper
477 1691 510 1752 et
531 1709 548 1752 e
569 1688 661 1752 tectis
683 1688 762 1751 strix
782 1688 922 1752 violenta
946 1691 1054 1752 canat:

283 1771 359 1855 Ipsa
379 1771 463 1836 fame
485 1772 667 1837 stimulante
688 1772 797 1839 fimens
819 1771 995 1857 herbasque
1017 1772 1169 1855 sepulcris
1213 1836 1216 1841 .

326 1856 464 1931 Quaerat
485 1858 517 1920 et
537 1878 557 1920 a
578 1856 680 1922 saevis
703 1878 775 1921 ossa
796 1856 907 1921 relicta
928 1857 1028 1940 lupis,

234 1951 267 2001 ot
283 1937 397 2005 Currat
418 1943 451 2004 et
471 1941 656 2026 inguinibus
677 1941 771 2005 nudis
793 1941 955 2023 ululetque
976 1962 1034 2024 per
1054 1940 1163 2021 urbes,

325 2024 406 2087 Post
427 2028 502 2108 agat
523 2047 540 2088 e
561 2025 663 2089 triviis
684 2046 796 2108 aspera
815 2024 909 2088 turba
931 2045 1053 2088 canum.

283 2106 455 2172 Evenientt
478 2107 533 2171 dat
554 2109 647 2193 signa
669 2109 761 2173 deus:
783 2110 859 2172 sunt
878 2109 1011 2172 numina
1031 2109 1165 2192 amanti,

329 2190 436 2256 Saevit
457 2195 490 2255 et
510 2192 628 2255 iniusta
649 2193 719 2278 lege
740 2192 851 2257 relicta
872 2191 990 2257 Venus.

283 2276 329 2340 At
350 2277 386 2339 tu
407 2297 502 2358 quam
523 2276 661 2359 primum
683 2298 778 2361 sagae
799 2278 968 2360 praecepta
988 2279 1111 2360 rapacis

235 2372 269 2422 60
323 2358 458 2424 Desere:
480 2381 554 2424 narn
577 2360 668 2424 donis
689 2360 827 2424 vincitur
848 2361 952 2425 omnis
973 2383 1071 2426 amor.

283 2443 408 2528 Pauper
429 2444 490 2508 erit
509 2447 637 2527 praesto
659 2465 783 2529 semper
803 2445 877 2527 tibi,
898 2467 1019 2529 pauper
1040 2445 1140 2509 adibit

326 2527 452 2592 Primus
474 2529 562 2593 etin
582 2532 692 2593 tenero
713 2530 794 2593 fixus
816 2530 877 2593 erit
898 2531 1011 2612 latere,

283 2611 408 2695 Pauper
428 2613 463 2676 in
485 2616 620 2698 angusto
642 2613 723 2677 fidus
745 2634 851 2678 comes
873 2614 1001 2698 agmine
1021 2612 1133 2676 turbae

329 2696 531 2780 Subicietque
552 2719 666 2761 manus
687 2697 864 2781 efficietque
885 2698 985 2780 viam,

236 2791 269 2842 65
284 2780 410 2862 Pauper
430 2779 471 2843 ad
493 2782 634 2846 occultos
655 2781 767 2845 furtim
789 2781 922 2846 deducet
943 2782 1061 2846 amicos

327 2862 504 2946 Vinclaque
526 2865 564 2929 de
585 2866 678 2929 niveo
701 2865 845 2930 detrahet
865 2866 933 2949 ipse
954 2865 1043 2949 pede.

283 2946 356 3012 Heu
378 2948 519 3011 canimus
540 2948 672 3032 frustra,
694 2970 753 3014 nec
774 2950 878 3015 verbis
900 2950 984 3014 victa
1003 2949 1140 3033 patescit

326 3030 439 3114 Ianua,
462 3032 518 3096 sed
540 3033 667 3116 plenast
687 3033 891 3117 percutienda
911 3055 1016 3097 manu.

284 3116 331 3180 At
350 3117 402 3198 tu,
424 3115 479 3199 qui
499 3117 606 3200 potior
626 3139 711 3182 nunc
734 3140 784 3199 es,
806 3139 878 3182 mea
897 3117 965 3181 fata
985 3117 1113 3182 timeto:

236 3211 270 3263 to
324 3198 480 3264 Versatur
501 3202 596 3265 celeri
616 3201 696 3267 Fors
718 3202 795 3266 levis
817 3202 894 3266 orbe
914 3203 1012 3266 rotae.

284 3282 361 3348 Non
381 3284 500 3348 frustm
521 3285 648 3369 quidam
669 3286 732 3350 iam
754 3307 839 3350 nunc
860 3286 894 3350 in
915 3287 1025 3351 limine
1045 3288 1168 3371 perstat

327 3365 461 3433 Sedulus
484 3370 516 3433 et
537 3369 646 3434 crebro
690 3370 822 3454 rospicit
844 3390 881 3434 ac
901 3371 1036 3456 refugit,

284 3447 329 3514 Et
351 3450 479 3516 simulat
498 3453 632 3517 transim
676 3474 797 3536 omum,
819 3475 893 3518 mox
913 3454 1025 3519 deinde
1045 3452 1180 3519 recurrit

328 3531 421 3600 Solus
443 3537 476 3599 et
497 3539 570 3602 ante
591 3538 677 3622 ipsas
699 3540 824 3603 excreat
843 3560 941 3624 usque
963 3540 1056 3605 fores.
