2558 4094
200 246 241 311 22
612 251 756 308 aravum
1116 252 1161 322 pr

263 415 340 481 Non
361 436 464 498 arces,
486 435 553 480 non
573 415 675 479 vallus
698 418 780 498 erat,
804 435 1012 498 somnumque
1033 414 1162 498 petebat

215 510 247 561 ιο
305 498 440 565 Securus
461 500 563 563 varias
585 499 649 564 dux
710 499 777 583 egis
798 498 883 564 inter
904 520 988 563 oves.

263 583 353 648 lunc
373 582 454 647 mihi
475 584 541 647 vita
562 584 646 648 foret
689 582 784 667 ulcis,
806 604 866 647 neo
886 583 992 647 tristia
1012 603 1141 647 nossem

304 667 405 732 Anna
424 688 484 732 nec
505 668 665 732 audissem
688 667 782 732 corde
802 668 941 732 micante
962 667 1089 731 tubam:

261 750 357 817 Nunc
379 751 418 816 ad
439 752 523 817 bella
545 751 669 835 trahor,
692 755 725 816 et
738 751 803 815 iam
818 752 888 835 quis
909 751 1046 818 forsitan
1059 750 1162 815 hostis

305 835 450 904 Haesura
471 836 506 899 in
526 839 637 900 nostro
660 836 724 900 tela
745 835 829 921 gerit
849 835 956 900 latere.

216 933 247 982 15
262 919 324 986 Sed
346 921 443 1004 patrii
465 924 588 985 servate
609 919 720 985 Lares:
743 920 866 984 aluistis
890 921 922 984 et
942 919 1043 1003 idem,

305 1003 475 1070 Cursarem
496 1007 620 1069 vestros
643 1025 715 1069 cum
735 1008 826 1069 tener
847 1007 922 1068 ante
943 1005 1050 1087 pedes.

262 1087 335 1154 Nau
356 1089 475 1172 pudeat
494 1089 600 1172 prisco
622 1109 679 1153 vos
701 1110 769 1153 esse
792 1111 809 1153 e
831 1088 939 1186 stipite
960 1088 1079 1153 factos:

306 1170 358 1237 Sic
379 1172 495 1237 veteris
517 1173 606 1238 sedes
629 1173 808 1237 incoluistis
830 1195 890 1237 av1.

263 1256 345 1321 Tum
367 1257 480 1320 melius
501 1259 631 1321 tenuere
652 1256 761 1340 fidem,
784 1277 856 1321 cum
877 1277 1014 1402 paupere
1036 1256 1123 1320 cultu

214 1354 248 1402 ao
305 1339 418 1404 Stabat
438 1340 473 1404 in
495 1342 609 1425 exigua
630 1341 756 1424 ligneus
778 1339 855 1404 aede
898 1361 962 1404 eus.

265 1422 328 1488 Hic
349 1424 492 1507 placatus
514 1427 595 1506 erat,
618 1445 674 1488 seu
696 1425 766 1508 quis
788 1425 943 1488 libaverat
963 1445 1072 1504 uvam,

308 1506 371 1573 Seu
392 1507 522 1572 dederat
543 1510 672 1573 serietas
694 1509 801 1592 spicea
822 1511 906 1573 serta
927 1528 1052 1572 comae:

263 1592 294 1655 A
331 1613 371 1656 ue
393 1592 508 1676 aliquis
530 1593 597 1657 voti
619 1614 750 1677 compos
771 1592 837 1656 liba
857 1592 926 1676 ipse
947 1592 1069 1657 ferebat

334 1678 447 1760 ostque
469 1698 575 1742 comes
589 1699 712 1825 purum
732 1676 799 1741 filia
819 1699 917 1760 parva
937 1677 1055 1741 favum

214 1772 247 1821 25
262 1760 308 1825 At
328 1761 423 1825 nobis
445 1765 567 1846 aerata,
617 1783 700 1846 ares,
723 1761 873 1845 depellite
894 1762 974 1844 tela,

546 1889 564 1929 0
792 1889 810 1926 ⁸

669 1937 688 1977 8

307 2012 486 2096 Hostiaque
508 2035 526 2077 e
547 2015 643 2098 plena
664 2016 782 2078 rustica
802 2034 917 2098 porcus
938 2011 1026 2077 hara.

264 2096 357 2162 Hane
378 2118 457 2180 pura
479 2118 551 2162 cum
574 2102 660 2162 veste
683 2118 796 2181 sequar
816 2100 983 2180 myrtoque
1006 2094 1143 2161 canistra

308 2180 427 2245 Vincta
447 2202 571 2264 geram,
594 2183 698 2264 myrto
719 2182 845 2245 vinctus
867 2181 989 2265 etipse
1011 2182 1116 2264 caput.

266 2263 319 2330 Sic
339 2266 483 2349 placeam
503 2265 611 2330 robis:
633 2265 714 2330 alius
736 2265 779 2330 sit
798 2265 891 2330 fortis
913 2264 948 2329 in
969 2266 1064 2329 armis
1069 2313 1080 2349 ,

217 2362 252 2410 ao
308 2347 438 2413 Sternat
458 2352 491 2414 et
512 2350 659 2414 adversos
682 2349 783 2415 Marte
804 2350 932 2414 favente
955 2349 1065 2431 duces,

266 2430 312 2496 Vt
332 2432 411 2497 mihi
432 2435 558 2517 potanti
579 2435 681 2519 possit
703 2457 759 2499 sua
780 2435 884 2500 dicere
905 2435 991 2499 facta

309 2515 403 2582 Miles
426 2519 514 2582 etin
535 2541 645 2583 mensa
666 2520 798 2605 pingere
821 2523 924 2584 castra
944 2540 1044 2583 mero.

267 2600 345 2677 Quis
366 2601 456 2667 furor
477 2606 527 2667 est
547 2606 648 2667 atram
669 2605 762 2669 bellis
783 2624 941 2669 arcessere
962 2600 1121 2667 mortem?

309 2683 451 2750 Inminet
472 2690 505 2751 et
525 2688 622 2752 tacito
645 2688 727 2752 clam
748 2689 836 2752 venit
857 2688 914 2752 illa
935 2687 1023 2771 pede.

217 2779 251 2830 ao
266 2767 343 2832 Non
365 2791 456 2854 seges
478 2773 527 2834 est
548 2771 647 2852 infra,
669 2792 736 2834 non
756 2773 848 2836 vinea
870 2772 969 2854 culta,
992 2769 1048 2833 sed
1062 2767 1164 2833 audax

311 2851 465 2918 Cerberus
488 2856 521 2917 et
543 2851 670 2938 Stygiae
691 2855 800 2918 navita
819 2855 922 2937 turpis
944 2874 1059 2936 aquae:

267 2935 338 3000 Illic
359 2936 586 3020 perscissisque
608 2937 699 3021 genis
720 2940 855 3021 ustoque
877 2958 915 3002 ca
937 2937 993 3002 illo

309 3019 406 3085 Errat
426 3019 467 3084 ad
488 3019 640 3086 obscuros
660 3020 780 3104 pallida
800 3021 895 3087 turba
965 3043 1013 3087 us.

268 3103 371 3182 Quam
384 3103 492 3188 potius
506 3103 684 3169 laudandus
698 3104 750 3171 hic
766 3109 823 3188 est,
839 3126 933 3189 quem
949 3105 1040 3190 prole
1053 3108 1165 3190 parata

217 3199 252 3251 4ο
310 3187 453 3273 Occupat
474 3189 508 3252 in
529 3210 627 3273 parva
647 3189 740 3275 pigra
762 3194 890 3254 senecta
911 3193 998 3255 casa!

266 3271 340 3356 lpse
362 3295 434 3339 suas
456 3276 596 3338 sectatur
617 3293 706 3357 oves,
729 3275 762 3338 at
783 3274 867 3339 filius
890 3296 1007 3360 agnos,

308 3356 353 3420 Et
374 3358 509 3423 calidam
531 3358 618 3424 fesso
641 3360 792 3442 conparat
813 3379 892 3423 uxor
913 3381 1037 3443 aquam.

268 3439 321 3505 Sic
344 3462 405 3526 ego
427 3443 502 3526 sim,
525 3443 680 3526 liceatque
702 3446 797 3526 caput
819 3442 1007 3508 candescere
1029 3444 1132 3525 canis,

310 3524 477 3610 Temporis
500 3530 532 3591 et
552 3527 650 3612 prisci
671 3527 755 3593 facta
776 3527 893 3593 referre
915 3549 1033 3593 senem.
