2558 4094
157 258 193 323 16
558 260 700 316 emron
1037 259 1109 332 [vn

216 424 321 508 thue
342 424 438 489 maris
460 426 584 488 vastum
605 426 787 508 prospectet
807 423 945 487 turribus
968 442 1085 505 aequor

167 523 201 571 20
257 509 364 574 Prima
385 513 486 573 ratem
506 509 610 573 ventis
633 508 759 573 credere
781 508 873 572 docta
895 507 1011 591 Tyros,

218 593 326 670 Qualis
349 597 394 673 et,
417 597 540 657 arentes
563 612 634 657 cum
655 593 749 656 findit
770 591 869 657 Sirius
891 614 910 655 a
949 612 1000 675 os,

258 677 384 742 Fertilis
406 677 525 742 aestiva
544 677 638 742 Nilus
658 677 799 741 abundet
820 698 901 759 aqua

215 762 290 827 Nile
310 765 415 845 pater,
437 783 574 845 quanam
595 761 715 845 possim
739 764 772 825 te
794 760 897 824 dicere
919 781 1013 824 causa

258 846 325 909 Aut
346 846 460 929 quibus
481 847 516 909 in
537 847 630 910 terris
652 845 827 910 occuluisse
849 844 966 927 caput?

168 943 201 993 25
216 930 260 994 Te
281 933 413 1012 propter
432 930 538 993 nullos
559 931 652 994 tellus
675 932 730 993 tua
750 930 891 1013 postulat
912 929 1047 1010 imbres,

257 1014 357 1078 Arida
377 1035 437 1078 nec
457 1014 565 1097 pluvio
588 1014 746 1098 supplicat
765 1013 864 1078 herba
884 1013 963 1079 Iovi.

216 1097 261 1162 Τ1
284 1098 370 1162 canit
391 1101 485 1181 atque
507 1119 597 1162 suum
618 1098 718 1181 pubes
739 1099 873 1162 miratur
894 1096 1001 1161 Osirin

257 1182 412 1264 Barbara,
435 1181 631 1264 Memphiten
651 1182 802 1267 plangere
829 1182 922 1246 docta
942 1180 1065 1245 bovem.

216 1265 341 1330 Primus
363 1269 466 1329 aratra
485 1288 582 1330 manu
603 1267 724 1330 sollerti
746 1267 823 1330 fecit
844 1264 944 1329 Osiris

166 1362 201 1411 80
256 1350 463 1415 attererem
483 1351 567 1415 ferro
589 1350 772 1415 sollicitavit
791 1349 938 1432 humum,

215 1435 339 1498 Primus
360 1435 542 1517 inexpertae
564 1435 713 1498 conmisit
733 1435 855 1498 semina
874 1435 977 1497 terrae

257 1517 419 1601 Pomaque
439 1538 506 1581 non
526 1519 612 1582 notis
634 1519 714 1604 legit
736 1518 775 1582 ab
797 1517 970 1582 arboribus.

216 1602 279 1666 Hic
301 1602 409 1667 docuit
429 1604 571 1666 teneram
592 1603 674 1686 palis
696 1602 867 1687 adiungere
888 1603 1001 1685 vitem,

259 1685 323 1750 Hic
343 1686 475 1750 viridem
497 1687 576 1750 dura
597 1687 725 1751 caedere
747 1687 829 1751 falce
851 1707 990 1751 comam:

167 1782 201 1831 35
216 1769 269 1834 Illi
290 1771 443 1835 iucundos
465 1771 603 1854 primum
624 1774 747 1836 matura
768 1792 895 1855 sapores

257 1854 416 1938 Expressa
436 1855 564 1920 incultis
585 1878 647 1920 uva
669 1856 756 1920 dedit
775 1855 918 1939 pedibus.

216 1937 275 2002 Ille
297 1939 400 2022 liquor
422 1938 529 2003 docuit
550 1961 642 2004 voces
664 1939 824 2004 inflectere
847 1941 955 2020 cantu,

258 2020 361 2085 Movit
382 2025 413 2086 et
435 2022 475 2086 ad
496 2025 599 2087 certos
620 2024 727 2087 nescia
748 2022 890 2086 membra
910 2020 1038 2103 modos,

216 2104 362 2169 Bacchus
384 2108 416 2169 et
436 2106 594 2188 agricolae
615 2127 732 2188 magno
754 2106 899 2170 confecta
919 2104 1027 2169 labore

167 2201 201 2250 ιο
258 2189 392 2253 Ρ111111
411 2190 560 2254 tristitiae
583 2189 784 2253 dissoluenda
805 2189 900 2254 dedit.

216 2272 362 2337 Bacchus
384 2276 416 2338 11
438 2273 571 2337 adflictis
593 2273 733 2356 requiem
754 2273 941 2337 mortalibus
964 2273 1073 2357 affert,

260 2356 360 2422 Crura
381 2358 456 2422 licet
478 2357 556 2422 dura
578 2357 728 2441 compede
749 2359 843 2440 pulsa
864 2360 988 2422 sonent.

215 2441 292 2506 Non
313 2442 373 2505 tibi
395 2446 471 2506 sunt
490 2442 597 2507 tristes
620 2463 712 2507 curae
733 2464 792 2506 nec
813 2443 930 2525 lectus,
954 2441 1054 2524 Osiri,

259 2526 321 2590 Sed
342 2526 457 2591 chorus
480 2530 513 2591 et
534 2529 644 2591 cantus
666 2529 698 2591 et
718 2527 796 2591 levis
819 2530 911 2610 aptus
933 2547 1037 2608 amor,

166 2621 200 2672 45
216 2609 278 2675 Sed
298 2611 378 2674 varii
400 2611 493 2675 flores
516 2615 548 2675 et
567 2612 657 2675 frons
678 2611 825 2675 redimita
846 2609 1020 2693 corymbis,

259 2693 342 2758 Fusa
364 2695 420 2759 sed
436 2695 476 2759 ad
497 2697 623 2759 teneros
645 2695 731 2758 lutea
752 2695 838 2778 palla
858 2695 954 2777 pedes

216 2776 260 2842 Et
282 2777 394 2860 Tyriae
416 2781 518 2842 restes
541 2781 573 2842 et
593 2779 693 2842 dulcis
714 2778 795 2842 tibia
815 2781 911 2842 cantu

258 2861 302 2925 Et
323 2862 401 2925 levis
424 2861 555 2925 occultis
577 2862 704 2925 conscia
726 2863 806 2926 cista
826 2861 934 2925 sacris.

216 2944 288 3009 Huc
310 2945 384 3008 ades
406 2948 439 3008 et
460 2943 596 3009 Genium
618 2944 692 3009 ludo
716 2944 912 3028 Geniumque
934 2943 1058 3010 choreis

168 3042 203 3091 oo
260 3028 453 3093 Concelebra
475 3032 507 3092 et
527 3029 627 3092 multo
649 3032 792 3112 tempora
812 3028 911 3093 funde
932 3050 1035 3095 mero:

217 3113 308 3177 Illius
330 3116 362 3176 et
382 3113 484 3176 nitido
508 3113 629 3176 stillent
649 3116 812 3197 unguenta
834 3113 963 3197 capillo,

258 3196 303 3260 Et
324 3197 425 3280 capite
448 3201 480 3260 et
501 3197 583 3261 eollo
605 3197 715 3260 mollia
736 3199 820 3260 serta
840 3200 941 3281 gerat.

218 3279 271 3345 Sic
293 3280 400 3344 venias
421 3280 589 3346 hodierne:
610 3280 671 3344 tibi
692 3280 764 3344 dem
785 3282 865 3345 turis
886 3280 1039 3367 honores,

259 3364 339 3428 Liba
362 3367 394 3429 et
414 3364 583 3449 Mopsopio
606 3364 712 3428 dulcia
730 3366 823 3429 melle
844 3366 953 3431 feram.

169 3448 342 3512 1511111111
363 3453 540 3513 succrescat
561 3449 680 3532 proles,
702 3470 782 3532 quae
803 3449 887 3514 facta
907 3451 1049 3534 parentis

259 3532 387 3617 Augeat
408 3536 441 3597 et
462 3534 546 3614 circa
567 3536 644 3617 stet,
666 3534 859 3619 venerande,
882 3556 999 3599 senem.
