2558 4094
195 275 238 342 42
602 272 745 337 1111111
1091 279 1149 356 [vr

299 441 392 528 Inpia
412 442 447 506 in
468 441 615 507 adversos
637 443 787 508 solvimus
809 463 865 507 ora
886 441 978 507 deos:

210 540 242 590 15
256 527 300 592 Et
319 525 461 592 nondum
484 527 554 591 cani
574 527 684 611 nigros
707 527 824 591 laesere
847 527 993 610 capillos,

299 611 368 677 Nec
390 611 478 675 venit
498 609 588 674 tardo
612 631 707 675 curva
728 613 855 675 senecta
875 608 963 694 pede.

257 695 404 761 Natalem
425 695 527 778 primo
549 697 694 759 nostrum
715 693 820 759 videre
841 695 1004 778 parentes,

300 778 382 845 Cum
403 778 517 843 cecidit
536 778 604 842 fato
626 778 737 842 consul
758 781 889 862 uterque
933 779 989 842 ari.

258 863 342 939 Quid
362 862 507 927 fraudare
529 862 616 926 iuvat
636 863 734 927 vitem
756 800 969 927 crescentitus
991 862 1060 926 uvis

208 959 243 1010 1ο
297 947 341 1011 Et
361 946 455 1011 modo
477 949 553 1010 nata
572 946 656 1010 mala
676 947 790 1012 vellere
811 967 907 1031 poma
926 946 1045 1010 manu?

257 1031 397 1114 Parcite,
419 1030 574 1114 pallentes
595 1030 696 1095 undas
718 1031 904 1114 quicumque
925 1030 1042 1095 tenetis

299 1114 448 1198 Duraque
470 1115 575 1179 sortiti
596 1115 692 1178 tertia
711 1136 810 1200 regna
831 1115 891 1179 dei.

257 1197 298 1264 al
321 1200 385 1263 sios
407 1199 483 1263 olim
505 1199 600 1262 liceat
621 1219 812 1283 cognoscere
834 1219 963 1282 campos

344 1283 530 1366 thecamque
551 1285 653 1347 ratem
674 1281 922 1364 Cimmeriosque
943 1282 1044 1364 lacus,

208 1378 242 1430 21
257 1365 337 1432 Cum
357 1388 429 1430 mea
448 1387 566 1451 rugosa
585 1366 750 1449 pallebunt
771 1386 826 1429 ora
847 1368 974 1430 senecta

299 1450 344 1514 Et
364 1450 498 1514 referam
519 1450 625 1533 pueris
647 1453 791 1533 tempora
812 1450 917 1533 prisca
939 1471 1044 1514 senex.

156 1538 159 1543 '
258 1535 288 1597 A
324 1556 363 1598 ue
384 1535 507 1598 utinam
528 1554 611 1630 vano
631 1535 823 1681 nequiquam
843 1537 963 1598 terrear
984 1536 1086 1630 aestu!

257 1702 303 1766 a
323 1618 1100 1800 &lafitattetlltlumlldllllllt

209 1797 244 1848 ³0
298 1785 343 1850 Et
364 1786 466 1851 facrhs
487 1787 574 1851 lenta
593 1787 722 1871 pellitur
741 1787 826 1852 unda
846 1810 952 1853 manu,

258 1869 363 1935 Viuite
385 1871 508 1951 felices,
530 1893 686 1936 memores
708 1874 740 1935 et
760 1872 856 1936 vivite
877 1872 994 1953 nostri,

301 1953 373 2018 Sive
396 1955 511 2018 erimus
533 1976 589 2019 seu
608 1976 669 2020 nos
689 1955 755 2019 fata
775 1956 873 2019 fuisse
893 1956 1003 2019 velint.

257 2035 384 2100 Interea
403 2039 513 2121 nigras
535 2037 671 2120 pecudes
692 2039 869 2123 promittite
890 2038 958 2102 Diti

299 2119 344 2184 Et
364 2120 450 2185 nivei
471 2121 561 2185 lactis
582 2122 697 2205 pocula
717 2122 817 2185 mixta
836 2142 934 2186 mero.

644 2334 704 2410 VI.

257 2455 400 2523 Candide
422 2457 530 2543 Liber,
553 2457 627 2522 ades
650 2458 711 2544 (sie
733 2460 775 2524 111
795 2459 855 2524 tibi
875 2460 1011 2543 mystica
1031 2458 1106 2526 vitis

301 2541 446 2640 Semper²
470 2543 516 2607 sic
538 2542 631 2608 edera
651 2545 796 2627 tempora
816 2545 922 2608 vincta
943 2544 1057 2627 feras),

258 2627 360 2690 Aufer
381 2630 502 2711 et1pse
523 2649 629 2692 meum
649 2631 759 2711 patera
779 2628 956 2692 medicante
978 2628 1134 2692 dolorem:

302 2709 403 2794 Saepe
425 2713 480 2775 tuo
503 2711 618 2776 cecidit
637 2733 768 2776 munere
789 2712 891 2776 victus
914 2731 1011 2775 amor.

215 2804 243 2854 ’1
259 2791 339 2858 0111
360 2815 454 2876 puer,
475 2794 624 2858 madeant
643 2816 798 2878 generoso
820 2795 936 2879 pocula
955 2792 1097 2876 Baccho,

300 2875 345 2939 Et
364 2877 458 2940 nobis
479 2897 581 2959 prona
601 2877 698 2940 fimde
720 2877 854 2942 Falerna
874 2899 979 2942 manu.

259 2958 308 3024 Ite
328 2959 440 3042 procul
462 2957 573 3022 durum
596 2978 687 3023 curae
709 2981 825 3044 genus,
847 2961 892 3024 ite
914 2961 1054 3028 labores:

301 3043 440 3108 Fulserit
460 3041 512 3107 hic
532 3043 634 3107 niveis
655 3042 768 3108 Delius
789 3044 926 3109 alitibus.

259 3125 326 3191 Vos
347 3128 443 3192 modo
464 3127 627 3211 proposito
650 3126 757 3192 dulces
777 3128 911 3192 faveatis
934 3129 1042 3212 amici,

212 3221 246 3274 lo
301 3211 390 3277 Neve
411 3215 509 3297 neget
530 3212 695 3296 quisquam
716 3234 767 3276 me
790 3212 867 3277 duce
890 3234 923 3278 se
946 3214 1110 3281 comitem:
1234 3280 1238 3286 ,

260 3296 326 3359 Aut
347 3296 445 3380 siquis
467 3295 534 3360 vini
555 3299 714 3360 certamen
735 3295 812 3360 mite
833 3301 971 3381 recusat,

302 3378 405 3444 Fallat
427 3402 499 3445 eum
519 3383 604 3444 tecto
627 3401 698 3444 cara
718 3381 826 3463 puella
847 3380 929 3446 dolo.

232 3477 235 3482 '
260 3459 318 3529 Ille
340 3463 417 3529 facit
438 3464 520 3528 dites
541 3464 663 3528 animos
686 3463 777 3547 deus,
799 3466 854 3529 ille
876 3466 1014 3531 ferocem

302 3544 455 3612 Contudit
477 3552 509 3614 et
530 3547 676 3612 dominae
697 3549 841 3614 1111111111
862 3550 1041 3627 arbitrium,
