2558 4094
157 299 229 372 [ιιι]
548 297 656 355 emes
675 296 725 354 ιιι.

608 462 655 537 Π.

158 588 220 664 Qui
240 587 360 672 primus
382 607 487 651 ceram
507 585 613 650 iuveni
635 606 802 668 carumque
825 583 947 668 puellae

198 672 326 756 Eripuit
345 672 506 752 iuvenem,
527 670 647 734 ferreus
668 669 722 733 ille
743 668 814 732 fuit.
1064 729 1066 733 Α

157 756 265 821 Durus
287 759 320 821 et
339 755 394 819 ille
415 753 491 837 fuit,
513 754 567 837 qui
587 756 714 818 tantum
734 753 817 817 ferre
839 751 994 833 dolorem,

199 840 314 905 Vivere
336 842 369 903 et
389 841 498 921 erepta
520 838 655 923 coniuge
677 837 731 920 qui
752 836 867 920 potuit.

159 925 235 992 Non
256 944 315 1010 ego
337 923 446 986 firmus
467 922 502 985 in
523 922 595 1018 hoc,
615 942 684 986 non
702 921 781 984 haec
791 920 948 1068 patientia
961 922 1072 983 nostro
1097 930 1113 980 ⁶

200 1007 351 1092 Ingenio:
373 1006 494 1090 frangit
514 1005 613 1069 fortra
633 1004 728 1070 corda
749 1004 854 1069 door:

159 1091 227 1158 Nee
248 1091 327 1156 mihi
347 1111 422 1154 vera
442 1089 530 1173 loqui
550 1089 652 1173 pudor
673 1092 722 1153 est
742 1088 887 1171 vitaeque
908 1088 1000 1153 fateri

200 1174 263 1240 Tot
283 1174 367 1239 mala
387 1195 555 1258 perpessae
575 1173 680 1238 taedia
700 1175 776 1237 nata
796 1193 893 1237 meae.

160 1259 204 1324 Er
228 1281 247 1323 o
270 1281 341 1324 cum
362 1260 491 1323 tenum
511 1258 600 1322 fuero
622 1260 761 1321 mutatus
783 1256 817 1319 in
838 1257 983 1320 umbram

201 1281 405 1426 dandidaque
427 1362 500 1406 osse
522 1363 616 1426 super
636 1343 731 1426 nigra
747 1341 860 1405 favilla
880 1343 912 1405 te
937 1343 983 1422 et,
1084 1351 1115 1400 lc

158 1428 244 1492 Ante
264 1449 371 1491 meum
391 1427 500 1491 veniat
520 1426 634 1511 longos
656 1426 818 1509 incompta
838 1362 969 1509 capilios

199 1511 244 1576 Et
263 1511 340 1575 fleat
361 1514 435 1575 ente
456 1533 562 1575 meum
583 1513 704 1574 maesta
725 1509 850 1574 Neaera
869 1529 992 1594 rogum

159 1594 222 1660 Sed
241 1595 350 1659 veniat
370 1615 462 1659 cerae
482 1595 593 1658 matris
614 1594 798 1676 †comitata
819 1592 942 1658 dolore:

201 1677 343 1744 Maereat
362 1677 442 1742 haec
462 1698 595 1763 genere,
617 1681 756 1742 maereat
776 1677 833 1740 illa
853 1678 932 1741 viro.

158 1761 323 1848 Praefatae
344 1764 418 1826 ante
439 1783 527 1826 meos
548 1761 659 1825 Manes
682 1762 881 1843 animamque
902 1763 1049 1844 precatae
1083 1770 1115 1822 15

200 1845 411 1929 Perfusaeque
432 1846 501 1930 pias
524 1848 597 1909 ante
619 1845 642 1908 li
665 1865 740 1908 uore
761 1866 889 1928 manus,

158 1928 236 1994 Pars
259 1951 338 2014 quae
360 1928 430 1993 sola
450 1929 513 1993 mei
535 1951 572 1993 su
595 1867 696 1992 eradit
717 1927 874 2012 corporis,
897 1949 969 1993 ossa

200 2014 363 2079 Incinctae
384 2014 479 2098 nigra
500 2034 559 2078 cen
584 2012 635 2076 'da
655 2016 742 2077 veste
764 2012 886 2097 legent,

157 2096 203 2162 Fit
244 2099 361 2163 rimum
383 2118 504 2162 annoso
527 2099 679 2181 spargent
700 2097 833 2162 collecte
853 2096 972 2180 Lyaeo,

236 2202 278 2245 ox
299 2183 395 2246 etiam
414 2182 508 2246 niveo
530 2181 662 2245 fundere
683 2181 765 2247 lacte
786 2185 900 2265 parent
905 2231 936 2265 ,.
960 2231 986 2244 ,.
1081 2193 1116 2245 ¹⁰

158 2263 237 2330 Post
256 2263 336 2330 haec
358 2266 512 2330 carbaseis
534 2286 676 2329 umorem
697 2265 809 2330 tollere
830 2266 908 2330 velis

200 2348 308 2432 Atque
329 2349 364 2412 in
384 2371 561 2414 marmorea
603 2370 698 2413 onere
720 2349 803 2413 sicca
825 2348 926 2413 domo.

158 2429 231 2497 Illic
253 2453 329 2516 quas
351 2433 451 2496 mittit
472 2433 559 2497 dives
580 2373 741 2496 ianchaia
761 2454 882 2496 merces

201 2515 324 2600 Eoique
346 2516 481 2598 Arabes,
504 2517 633 2600 pinguis
655 2519 688 2581 et
708 2515 857 2599 Assyria,

158 2598 204 2668 Et
223 2600 326 2664 nostri
346 2621 501 2665 memores
523 2600 669 2664 lacrimae
690 2598 865 2663 fundantur
886 2599 1012 2666 eodem:
1081 2611 1114 2664 25

203 2684 256 2750 Sic
278 2705 337 2769 ego
361 2685 499 2768 conponi
520 2705 627 2749 versus
649 2683 684 2747 in
705 2703 777 2747 ossa
797 2684 902 2748 veiim.

159 2766 222 2834 Sed
245 2770 369 2833 tristem
390 2769 502 2832 mortis
524 2767 720 2832 demonstret
740 2767 847 2831 littera
867 2789 993 2832 causam

200 2852 232 2914 A
267 2874 307 2916 ue
327 2852 406 2916 haec
427 2853 462 2916 in
483 2852 599 2916 celebri
621 2852 762 2915 carmina
782 2852 888 2917 fronte
909 2856 1008 2918 notet.

159 2934 221 3018 ‘Ly
231 2855 354 3000 Nemus
365 2935 417 3001 hic
429 2937 507 3000 situs
518 2939 580 3002 est:
596 2935 687 3000 dolor
698 2935 772 3001 huic
784 2939 816 2999 et
826 2957 901 3000 eura
910 2936 1061 3022 Neaerae,

229 3019 355 3105 oniugis
377 3025 516 3105 ereptae,
539 3041 634 3085 causa
655 3020 757 3103 perire
778 3020 864 3085 fuit!
1029 3099 1033 3108 Ι
1079 3033 1112 3084 ec

562 3177 711 3187 -—-

601 3277 665 3352 ΠΙ.

158 3397 243 3474 Quid
235 3397 394 3548 uprodest
414 3399 535 3462 caelum
555 3400 639 3464 rotis
660 3400 813 3484 inpresso,
835 3398 973 3486 Neaera,

201 3482 236 3548 M
326 3504 365 3547 ue
388 3502 459 3546 cum
479 3482 597 3547 blanda
618 3487 689 3548 tura
710 3483 832 3548 dedisse
853 3506 962 3568 prece,

158 3563 235 3632 Non
255 3570 292 3633 ut
313 3567 480 3632 marmorei
499 3566 659 3653 prodirem
681 3589 698 3632 e
719 3567 828 3632 limine
849 3568 941 3653 tecti,
