2558 4094
339 498 550 595 ALBII
598 495 907 595 TIBVLLI

443 669 563 728 LIBER
591 667 815 742 SECVNDVS„

608 870 637 942 I.

208 969 368 1069 Quisquis
390 985 489 1066 adest,
509 984 628 1049 faveat:
644 984 752 1070 fruges
767 985 938 1049 lustramus
954 987 986 1048 11
1000 1006 1105 1070 agros,

251 1068 343 1133 Ritus
364 1072 401 1133 ut
422 1090 442 1132 1
462 1070 567 1153 priseo
589 1069 723 1132 traditus
746 1072 832 1134 extat
853 1091 920 1134 avo

210 1152 349 1232 Bacche,
371 1154 460 1235 veni,
483 1152 645 1236 dulcisque
666 1153 730 1217 tuis
753 1175 769 1217 e
792 1153 939 1217 cornibus
960 1175 1023 1216 uva

252 1235 409 1319 Pendeat,
433 1240 465 1302 et
486 1237 582 1321 spicis
603 1239 748 1320 tempora
770 1237 879 1322 cinge,
902 1235 1007 1303 Ceres.

179 1319 294 1385 oLuoe
317 1342 406 1405 11011
426 1322 604 1404 requieseat
623 1320 754 1404 humus,
785 1322 963 1405 requiescat
984 1325 1107 1407 arator,

251 1404 295 1468 Et
315 1426 412 1490 grave
434 1425 588 1489 suspenso
610 1426 736 1470 vomere
759 1408 861 1470 cesset
883 1427 971 1488 opus.

212 1487 332 1553 Solvite
353 1490 459 1554 vinela
480 1490 578 1574 iugis:
600 1511 686 1554 nuno
708 1489 749 1553 ad
769 1491 935 1574 praesepia
956 1491 1072 1555 debent

250 1572 351 1638 Plena
372 1577 525 1638 coronato
547 1576 630 1639 stare
651 1574 749 1639 boves
772 1574 883 1658 eapite.

210 1657 325 1722 Omnia
347 1659 412 1723 sint
433 1663 564 1743 operata
585 1658 659 1724 deo:
680 1680 747 1724 non
769 1659 882 1723 audeat
902 1661 968 1724 ulla

164 1754 195 1801 10
250 1741 422 1807 Lanificam
467 1745 552 1808 ensis
574 1744 753 1828 inposuisse
774 1765 912 1808 manum.

209 1824 276 1889 Vos
292 1847 416 1923 quoque
432 1767 542 1893 1111111
556 1829 669 1912 procul
683 1829 791 1911 iubeo,
815 1827 955 1893 discedat
971 1828 1011 1892 ab
1027 1827 1105 1910 aris,

253 1907 313 1974 Ou1
334 1911 409 1975 tulit
429 1911 579 1976 hesterna
599 1912 716 1996 gaudia
736 1915 830 1976 110011
852 1910 969 1976 Venus.

211 1991 308 2057 Casta
328 1993 458 2076 placent
478 1995 615 2077 superis:
637 2017 717 2077 pura
739 2017 810 2058 cum
831 1997 918 2058 veste
939 1995 1045 2058 venite

252 2075 296 2140 Et
316 2078 462 2142 manibus
484 2079 572 2160 puris
594 2079 708 2141 sumite
729 2078 829 2142 fontis
851 2098 974 2161 aquarn.

164 2158 354 2244 1101111111,
376 2162 536 2246 fulgentes
556 2162 593 2224 ut
614 2164 666 2225 eat
688 2182 776 2226 sacer
797 2183 899 2246 agnus
922 2162 961 2226 ad
983 2185 1052 2228 aras

251 2244 429 2330 Vinctaque
450 2248 525 2329 post
546 2245 615 2310 olea
637 2245 771 2310 candida
791 2247 884 2310 turba
905 2267 1021 2311 comas.

209 2328 252 2393 Di
296 2330 385 2413 atrii,
407 2351 581 2415 purgamus
604 2351 713 2414 agros,
735 2353 907 2415 purgamus
929 2335 1069 2416 agrestes
1077 2341 1089 2397 :¹

283 2435 319 2478 os
340 2415 425 2478 mala
446 2415 484 2479 de
505 2415 623 2479 nostris
644 2414 753 2499 pellite
775 2415 944 2498 limitibus,

209 2498 282 2564 Neu
303 2520 395 2583 seges
417 2498 523 2564 eludat
544 2521 680 2564 messem
701 2499 866 2564 fallacibus
888 2499 1011 2583 herbis,

161 2595 196 2646 20
252 2581 324 2647 Neu
345 2583 458 2648 timeat
478 2584 596 2648 celeres
617 2584 737 2647 tardior
758 2605 842 2668 agna
864 2584 964 2667 lupos.

210 2666 300 2730 Tune
321 2667 441 2731 nitidus
463 2668 567 2751 plenis
589 2668 726 2732 confisus
747 2668 884 2732 rusticus
906 2668 992 2752 agris

252 2749 383 2835 Ingeret
404 2751 529 2815 ardenti
550 2751 685 2836 grandia
706 2752 795 2835 ligna
815 2752 904 2834 foco,

211 2832 378 2917 Turbaque
399 2846 582 2917 vernarum,
605 2835 703 2899 saturi
723 2835 809 2899 bona
831 2836 923 2919 signa
944 2834 1064 2918 coloni,

252 2917 355 2983 Ludet
376 2921 409 2983 et
429 2940 468 2984 ex
493 2921 591 3003 virgis
616 2920 739 2983 extruet
760 2921 833 2982 ante
855 2939 954 2982 11111.

161 3017 194 3065 25
209 3002 371 3068 Eventura
390 3024 518 3087 precor:
541 3002 635 3067 viden
655 3005 692 3066 ut
712 3002 857 3067 felicibus
879 3002 959 3066 extis

254 3086 420 3172 Significat
441 3087 583 3171 placidos
604 3087 717 3151 nuntia
737 3086 818 3150 fibra
841 3085 939 3151 deos?

210 3171 305 3236 Nune
327 3171 407 3235 mihi
427 3172 571 3235 fumosos
592 3171 707 3235 veteris
728 3171 867 3255 proferte
888 3169 1040 3236 Falernos

254 3254 403 3320 Consulis
426 3259 458 3320 et
479 3254 561 3320 Ohio
583 3255 696 3318 solvite
717 3254 821 3319 vincla
844 3255 930 3320 cado.

211 3337 297 3403 Vina
319 3339 402 3404 diem
426 3339 601 3404 celebrent:
623 3338 793 3403 1101111111
814 3340 884 3404 luce
906 3340 1031 3405 madere

165 3436 199 3484 1ο
254 3421 315 3486 Est
336 3423 448 3506 rubor,
472 3427 612 3488 errantes
635 3424 666 3486 et
687 3424 769 3488 male
790 3423 872 3489 ferre
893 3424 998 3508 pedes.

213 3506 276 3571 Sed
291 3505 388 3571 ‘bene
400 3506 600 3572 Messallam’
615 3528 672 3570 sua
686 3509 818 3592 quisque
833 3508 873 3572 ad
887 3508 1001 3593 pocula
1015 3508 1107 3590 dieat,

28 3740 190 3816 “s
