2558 4094
159 223 191 292 [1

158 385 226 450 Nec
246 384 314 449 fera
335 381 477 447 'Pheraeo
499 382 593 446 tellus
616 383 745 446 obsessa
766 382 896 461 001000,

156 469 189 534 N
191 490 227 533 00
248 489 311 552 qua
331 467 382 531 vel
403 466 496 532 Nilus
517 467 568 530 vel
588 467 678 552 regia
698 465 829 550 lympha
850 464 1012 548 Choaspes
1071 476 1121 527 140

157 552 292 618 Profiuit
312 553 367 614 aut
387 573 423 614 ra
446 550 532 633 idus,
555 548 631 634 Gyri
654 550 828 634 dementia,
852 549 981 632 Gyndes

157 639 238 701 Aret
258 635 402 700 Arecteis
423 573 504 699 baut
524 657 588 699 una
608 656 666 718 per
688 635 770 700 ostia
792 656 860 699 cam
884 635 926 716 is,

157 720 226 785 Nec
249 741 311 803 qua
331 741 432 803 regna
452 740 534 804 vago
558 719 701 802 Tamyris
723 718 826 782 finivit
895 739 967 801 axe,

158 804 251 888 Inpia
271 825 332 868 nec
354 802 456 867 saevis
479 803 641 867 celebrans
663 803 808 868 convivia
827 803 945 868 mensis

157 888 279 952 Vltima
301 887 422 952 vicinus
445 887 575 952 Phoebo
597 889 687 951 tenet
708 909 783 951 arva
804 885 963 951 Padaeus:
1070 897 1120 948 140

159 972 288 1056 Quaque
310 971 438 1037 Hebrus
459 971 637 1055 Tanaisque
658 970 754 1036 Getas
775 971 860 1056 rigat
881 974 974 1055 atque
989 970 1055 1034 Ma-

830 1076 875 1121 os.

159 1141 242 1218 Quid
255 1140 383 1206 moror?
407 1140 552 1206 Oceanus
566 1143 666 1224 ponto
690 1077 910 1224 quaiddtinet
930 1138 1055 1223 orbem,

158 1225 256 1291 Nulla
276 1226 336 1290 tibi
358 1225 497 1290 adversis
518 1225 607 1310 regio
631 1245 700 1289 sese
722 1224 834 1289 offeret
855 1225 960 1288 armis.

158 1310 204 1375 Te
225 1313 333 1374 manet
354 1309 490 1374 invictus
512 1308 657 1373 Romano
679 1307 781 1373 Marte
802 1309 977 1374 Britannus

158 1394 265 1478 Teque
287 1394 453 1458 interiecto
475 1393 585 1457 mundi
607 1415 682 1477 pars
704 1394 804 1458 altera
825 1394 901 1458 0010.
1070 1404 1120 1453 150

158 1478 243 1544 Nam
265 1477 454 1542 circumfuso
479 1478 617 1542 considit
637 1478 672 1542 in
694 1499 765 1542 aere
786 1477 881 1542 tellus
1153 1497 1155 1501 ·

159 1563 203 1626 111
225 1563 363 1644 quinque
385 1562 419 1624 in
439 1564 547 1645 partes
568 1564 637 1626 toto
660 1562 839 1644 disponitur
860 1561 946 1626 orbe.

158 1647 265 1729 Atque
287 1645 366 1709 duae
389 1644 495 1730 gelido
517 1648 682 1709 vastantur
702 1646 822 1730 frigore
845 1666 983 1729 semper:

158 1730 231 1794 Illic
253 1732 285 1794 et
307 1729 405 1793 densa
425 1730 520 1794 tellus
542 1729 748 1794 absconditur
768 1729 893 1812 umbra,

159 1814 203 1879 Et
224 1814 313 1878 nulla
333 1813 455 1878 incerto
500 1814 652 1877 erlabitur
672 1813 758 1877 unda
779 1813 916 1897 liquore,
1071 1827 1120 1875 155

159 1898 222 1964 sed
244 1898 355 1961 durata
369 1899 453 1982 riget
467 1835 598 1962 diensem
612 1897 646 1961 in
660 1898 859 1982 glaciemque
872 1898 1055 1981 nivemque‚

159 1983 284 2067 Quippe
298 1982 353 2046 ubi
366 2003 433 2045 000
447 2002 597 2066 umquam
611 1981 707 2045 Titan
721 2003 816 2065 super
836 1982 937 2066 egerit
958 1985 1055 2046 ortus.

162 2069 206 2130 At
226 2066 361 2130 mediast
382 2065 504 2131 Phoebi
526 2087 651 2150 semper
672 2066 814 2130 subiecta
835 2066 948 2148 calori,

161 2150 223 2216 Seu
244 2151 375 2235 propior
396 2150 490 2214 terris
511 2151 666 2215 cestium
685 2151 786 2214 fertur
806 2150 842 2213 in
863 2152 972 2214 orbem

161 2234 223 2300 Seu
245 2235 328 2298 celer
348 2233 498 2298 hibernas
519 2237 670 2318 properat
691 2234 854 2299 decurrere
875 2236 978 2298 luces:
1072 2247 1122 2295 100

159 2319 236 2384 Non
257 2318 356 2403 igitur
377 2338 486 2402 presso
509 2319 604 2382 tellus
627 2319 752 2402 exurgit
772 2320 893 2400 aratro,

159 2403 229 2468 Nec
249 2403 374 2487 frugem
396 2404 521 2486 segetes
565 2402 696 2466 raebent
716 2422 776 2465 nee
797 2401 912 2485 pabula
932 2404 1050 2466 terraet

159 2486 235 2552 Non
257 2485 323 2551 illic
344 2487 422 2551 colit
444 2508 519 2550 arva
541 2424 632 2569 deus,
654 2485 837 2550 Bacchusve
860 2485 1009 2568 Ceresve,

160 2570 258 2637 Nulla
278 2592 339 2636 nec
361 2575 486 2636 exustas
508 2569 655 2635 habitant
676 2570 826 2633 animalia
846 2573 962 2653 partes.

160 2655 288 2722 Fertilis
309 2654 392 2720 hanc
413 2655 497 2719 inter
518 2654 654 2738 positast
675 2654 820 2737 interque
841 2653 982 2738 rigentes
1073 2667 1119 2716 105

160 2738 342 2838 Nostraque
364 2743 396 2804 et
409 2738 484 2804 huic
498 2740 629 2804 adversa
643 2739 712 2803 solo
729 2761 803 2823 pars
818 2738 917 2802 altera
931 2741 1057 2821 nostro,

161 2823 246 2898 Quas
267 2824 388 2889 slmiles
408 2825 567 2908 utrimque
587 2827 701 2889 tenens
722 2823 841 2888 vicinia
863 2823 942 2888 00011

163 2907 345 2991 Temperat,
369 2909 449 2974 alter
470 2912 502 2973 et
523 2909 654 2973 alterius
676 2909 758 2972 vires
779 2911 873 2972 necat
894 2929 962 2972 aer:

88 3002 91 3008 '
162 2991 247 3055 Hinc
267 2992 410 3075 placidus
431 2993 525 3057 nobis
547 3015 604 3075 per
624 2996 768 3076 tempora
789 2992 923 3056 vertitur
947 3013 1057 3055 annus.

164 3075 225 3139 Hie
246 3078 279 3139 et
300 3077 383 3140 eolla
403 3078 479 3161 iugo
502 3076 612 3141 didicit
633 3076 818 3140 submittere
838 3078 947 3139 taurus
1073 3087 1123 3136 110

164 3159 314 3223 11110010
336 3162 476 3225 excelsos
497 3162 571 3225 vitis
594 3160 804 3225 conscendere
825 3179 946 3242 ramos,

163 3242 387 3327 Tondeturque
410 3265 500 3328 seges
522 3247 663 3310 maturos
685 3265 790 3307 annua
810 3246 935 3326 partin,

164 3328 310 3392 11110110
333 3327 443 3411 101100,
465 3331 583 3411 pontus
606 3327 798 3392 confinditur
819 3347 905 3410 aere,

162 3412 245 3487 Quin
268 3412 363 3477 etiam
386 3411 514 3475 structis
537 3414 694 3496 exurgrmt
715 3408 833 3494 oppida
853 3432 964 3475 murrs.

163 3494 249 3580 Ergo
271 3497 327 3561 ubi
347 3517 405 3580 per
426 3495 528 3560 010100
550 3495 645 3559 101101
665 3498 721 3559 100
740 3495 825 3559 facta
839 3494 1036 3579 triumphos,
1075 3508 1122 3557 115

212 3598 335 3640 umam
955 3600 973 3646 0
