2558 4094
65 279 124 354 va]
460 276 568 334 mana
587 275 624 334 n
976 267 1022 350 35

64 443 113 507 Tu
134 441 284 506 miserum
305 449 448 524 torques,
470 441 506 503 11
527 460 578 503 me
600 438 679 503 mihi
701 438 768 503 dira
789 443 911 523 precari

107 525 202 610 Cogis
224 528 257 589 et
277 525 390 589 insana
410 526 517 587 mente
538 522 676 586 nefanda
696 523 792 606 loqui.

64 609 133 675 Iam
153 609 237 673 mola
257 609 399 673 finissem
420 607 500 689 leto,
524 605 579 670 sed
601 607 727 671 credula
747 607 846 673 vitam

107 691 186 777 Spes
208 692 296 757 fovet
317 695 350 755 et
370 690 439 754 fore
461 711 530 755 cras
552 711 677 773 semper
698 691 743 754 ait
762 691 886 758 melius.
985 702 1023 756 20

65 777 144 861 Spes
167 776 225 840 alit
244 775 416 860 agricolae,
441 773 519 858 Spes
541 774 637 838 sulcis
660 774 760 838 credit
780 775 876 839 aratis

107 859 249 942 Semina,
272 880 351 943 quae
372 879 489 942 magno
510 858 621 922 fenore
641 857 753 922 reddat
773 881 862 943 ager:

64 944 152 1009 Haec
169 943 282 1026 laqueo
293 942 447 1024 volucres,
457 941 537 1005 haec
552 943 659 1025 captat
675 942 829 1007 arundine
843 942 959 1027 pisces,

108 1027 187 1094 cum
209 1029 320 1091 tenues
340 1026 453 1089 hamos
475 1024 597 1089 abdidit
621 1029 696 1090 ante
717 1027 820 1091 cibus:

65 1111 150 1195 Spes*
167 1111 264 1174 etiem
284 1109 389 1174 valida
410 1110 531 1173 solatum
552 1110 703 1193 compede
723 1111 864 1175 vinctum
986 1123 1021 1172 21

107 1194 224 1279 (Crura
245 1196 361 1258 sonant
382 1192 465 1257 ferro
471 1241 481 1276 ,
504 1192 559 1257 sed
581 1194 667 1257 canit
687 1194 771 1258 inter
792 1196 902 1278 opus):

65 1279 144 1363 Spes
158 1278 284 1343 facilem
294 1277 458 1343 Nemesim
473 1276 609 1360 spondet
621 1277 716 1360 mihi,
732 1277 787 1342 sed
797 1281 895 1363 negat
904 1277 968 1344 illa.

106 1362 147 1427 ni
168 1361 262 1445 mihi,
283 1383 325 1426 ne
346 1361 471 1445 vincas,
493 1360 572 1425 dura
592 1362 712 1445 puella,
735 1361 834 1426 deam.

67 1446 180 1529 Panes,
201 1468 259 1530 per
279 1445 437 1510 inmatna
457 1446 530 1509 tuae
551 1466 664 1529 precor
685 1466 757 1509 ossa
778 1446 909 1512 sororis:

108 1529 160 1596 Sic
181 1531 262 1595 bene
284 1529 342 1593 sub
364 1532 475 1593 tenera
495 1551 592 1613 parva
614 1530 755 1612 quiescat
774 1529 880 1594 humo.
985 1541 1021 1591 aa

64 1613 126 1679 Illa
146 1614 226 1678 mihi
247 1616 403 1696 sanctast,
425 1613 511 1677 illius
533 1613 616 1677 dona
637 1614 780 1696 sepulcro

106 1698 151 1762 nt
171 1696 348 1762 madefacta
368 1697 447 1760 meis
470 1698 553 1760 11111
573 1697 675 1760 feram
696 1696 848 1780 lacrimis,

65 1781 156 1847 Illius
177 1781 217 1845 ad
238 1781 396 1844 tumulum
417 1780 538 1864 fugiam
560 1781 754 1878 supplexque
775 1780 890 1845 sedebo

106 1865 152 1930 Et
171 1887 242 1930 mea
262 1886 332 1929 cum
354 1865 443 1928 muto
465 1863 531 1927 fata
553 1885 665 1947 querar
686 1885 799 1928 emere.

65 1948 141 2016 Non
162 1949 244 2014 feret
263 1969 362 2032 usque
384 1969 476 2012 suum
498 1950 529 2011 te
551 1951 682 2044 propter
699 1948 774 2013 flere
797 1949 959 2012 clientem:
986 1959 1020 2011 8⁵

107 2032 198 2097 Illius
219 2036 256 2097 ut
275 2033 396 2115 verbis,
418 2032 461 2096 sis
483 2031 563 2096 miln
584 2032 685 2114 lenta,
706 2035 793 2114 veto,

65 2116 116 2183 Ne
136 2117 197 2181 tibi
217 2117 356 2203 neglecti
375 2115 507 2180 mittant
526 2116 612 2180 mala
633 2117 756 2181 somnia
776 2117 902 2199 Manes,

107 2200 292 2285 Maestaque
314 2200 436 2284 sopitae
457 2203 521 2264 stet
541 2221 631 2265 soror
652 2203 726 2265 ante
747 2204 868 2282 torum,

67 2284 176 2360 Qualis
199 2285 239 2348 ab
261 2284 385 2349 excelsa
405 2305 555 2368 praeceps
578 2284 706 2369 delapsa
727 2285 865 2349 fenestra

108 2366 208 2433 Venit
228 2368 268 2431 ad
289 2367 432 2432 infernos
454 2369 699 2453 sanginnolenta
719 2368 815 2432 lacus.
988 2379 1024 2430 4ο

66 2451 204 2535 Desino,
225 2473 267 2515 ne
288 2450 435 2515 dominae
456 2451 560 2516 luctus
581 2455 773 2516 renoventur
793 2452 912 2518 acerbi:

109 2535 185 2602 Non
207 2556 266 2633 ego
289 2556 360 2599 sum
380 2535 478 2618 tanti,
501 2536 605 2617 ploret
625 2538 662 2600 ut
681 2535 737 2599 illa
758 2538 864 2600 semel.

68 2620 136 2687 Nec
158 2619 297 2686 lacrimis
319 2620 428 2685 oculos
450 2619 579 2704 dignust
600 2619 727 2684 foedare
748 2620 909 2702 loquaces:

109 2704 198 2769 Lena
218 2705 314 2769 nocet
333 2703 442 2786 nobis,
463 2705 474 2766 i
498 2724 533 2767 sa
553 2704 660 2786 puella
680 2703 804 2767 bonast.

67 2788 155 2853 Lena
175 2791 269 2853 necat
288 2787 438 2852 miserum
486 2787 587 2872 hryne
608 2787 778 2871 furtimque
800 2787 933 2853 tabellas
988 2797 1024 2850 11

112 2872 244 2938 Occultc
265 2875 397 2958 portans
419 2871 505 2954 itque
525 2871 669 2955 reditque
690 2872 776 2937 sinu:

69 2955 186 3039 Saepe,
208 2978 268 3042 ego
290 2978 363 3022 cum
384 2956 531 3021 dominae
552 2956 659 3021 dulces
681 2978 700 3020 1
721 2957 830 3021 limine
851 2956 929 3022 duro

111 3041 262 3124 Agnosco
283 3062 391 3123 voces,
412 3041 491 3105 haee
512 3061 552 3105 ne
577 3044 610 3105 at
631 3062 699 3105 1111
721 3041 822 3106 domi:

70 3122 130 3190 See
154 3145 187 3206 e,
201 3123 256 3187 ubi
269 3145 335 3188 nox
347 3125 504 3208 promissa
517 3125 560 3189 m'
588 3125 642 3207 'st,
657 3124 808 3209 languere
821 3124 959 3208 puellam

144 3206 248 3271 untiat
269 3211 325 3272 aut
345 3209 466 3292 aliquas
488 3209 669 3273 extimuisse
691 3209 802 3273 minas.
988 3214 1023 3269 50

70 3289 160 3356 Tunc
174 3291 294 3355 morior
308 3293 406 3375 curis,
427 3295 504 3358 tunc
520 3314 610 3357 mens
624 3291 704 3356 mihi
717 3293 840 3376 perdita
854 3291 961 3376 fingit,

113 3375 229 3451 Quisve
250 3396 353 3439 meam
374 3378 496 3459 teneat,
539 3380 596 3441 uot
615 3379 761 3441 teneatue
781 3375 898 3440 modis:

70 3456 160 3524 Tunc
181 3459 255 3543 tibi,
277 3460 366 3541 lena,
387 3480 499 3542 precor
519 3398 618 3525 diras:
641 3461 717 3524 satis
739 3461 833 3524 anxie
852 3459 958 3541 vivas,

111 3543 250 3610 Moverit
270 3565 287 3608 1
309 3542 393 3608 votis
414 3564 488 3626 pars
509 3547 741 3629 quotacumque
763 3544 848 3609 deos.

840 3645 874 3698 3·
978 3606 1001 3691 l
1029 3558 1101 3680 ct
