2558 4094
461 554 674 655 ALBII
722 555 1027 654 TIBVLLI

583 742 703 802 LIBER
723 742 902 802 TERTIVS.

527 954 728 1021 LYGDAMI
757 955 958 1022 nnnelnn.

729 1093 758 1169 L

331 1191 455 1279 Martis
476 1208 613 1274 Romani
634 1208 734 1272 festae
755 1229 868 1272 venere
889 1206 1042 1273 kalendae

374 1293 543 1376 (Esuriens
564 1292 683 1357 nostris
703 1290 779 1355 hino
799 1291 861 1355 fuit
881 1312 983 1355 annus
1005 1292 1103 1376 avis),

331 1373 376 1442 Et
396 1399 477 1461 vega
497 1397 583 1440 nuno
604 1377 690 1440 certe
711 1375 891 1439 discurrunt
910 1375 1049 1459 undique
1070 1397 1189 1461 pompa

373 1461 494 1544 Perque
515 1460 583 1524 rias
603 1459 692 1523 urbis
712 1479 843 1523 munera
863 1480 981 1542 perque
1002 1459 1129 1525 domos:

300 1544 451 1628 51111111,
472 1544 627 1626 Pierides,
651 1563 787 1626 quonam
809 1542 943 1608 donetur
962 1542 1083 1609 honore

374 1628 436 1694 Seu
456 1650 539 1711 mea,
562 1649 617 1692 seu
638 1628 746 1711 fallor,
769 1649 842 1692 cara
862 1627 986 1693 Neaera
1006 1632 1123 1693 tamen

331 1713 479 1780 Carmine
500 1713 672 1794 formosae,
693 1712 796 1795 pretio
819 1713 986 1796 capiuntur
1007 1735 1132 1777 avarae:

374 1796 528 1879 Gaudeat,
550 1802 588 1861 ut
609 1796 749 1881 dignast,
772 1797 914 1861 versibus
936 1798 992 1861 illa
1013 1798 1101 1860 meis.

331 1879 430 1944 Lutea
451 1881 506 1945 sed
526 1882 654 1944 niveum
675 1880 816 1943 involvat
836 1881 1019 1944 membrana
1040 1879 1198 1963 libellum,

283 1976 316 2026 10
371 1963 491 2027 Pumex
512 1967 545 2027 et
566 1985 661 2027 canas
682 1963 813 2027 tondeat
833 1967 907 2027 ante
928 1983 1035 2026 eomas

332 2045 521 2129 Summaque
542 2049 706 2129 praetexat
724 2046 829 2108 tenuis
851 2045 982 2130 fastigia
1003 2046 1144 2130 chartae,

372 2128 496 2193 Indicet
515 2132 552 2193 ut
571 2150 690 2193 nomen
709 2128 815 2192 littera
836 2128 919 2193 faeta
940 2152 1060 2214 meum,

330 2215 436 2364 Atrsque
457 2214 541 2277 inter
561 2214 705 2297 geminas
725 2212 898 2297 pingantur
920 2234 1037 2279 oornua
1057 2216 1194 2282 frontes:

395 2319 425 2363 ro
447 2299 564 2362 etenim
585 2301 746 2381 comptum
766 2298 891 2363 mittere
913 2304 1040 2397 oportet
1060 2321 1149 2383 opus.

283 2397 315 2446 15
328 2383 389 2448 Per
411 2403 467 2446 vos
504 2386 648 2447 auctores
670 2381 763 2446 huius
784 2382 864 2447 mihi
885 2384 1049 2467 oarmrnis,
1071 2405 1127 2449 oro

373 2431 606 2551 Castaliamque
628 2467 771 2531 umbram
792 2466 975 2551 Pieriosque
996 2469 1097 2550 laone,

330 2551 379 2615 Ite
400 2550 529 2616 domum
551 2552 731 2634 cultumque
752 2551 800 2614 illi
822 2552 937 2616 donate
959 2552 1116 2634 libellum,

373 2634 462 2700 Siout
483 2636 556 2700 erit:
578 2636 683 2700 nullus
706 2634 823 2700 defluat
843 2635 916 2699 inde
938 2636 1034 2700 color.

330 2717 390 2782 Illa
411 2718 490 2782 mihi
509 2720 639 2800 reseret,
666 2720 694 2782 si
714 2720 816 2782 nostri
836 2723 945 2782 mutua
966 2720 1072 2784 ourast

281 2815 315 2866 20
370 2803 424 2864 An
444 2801 563 2883 minor,
585 2823 626 2863 an
646 2803 715 2864 toto
736 2805 863 2947 pectore
886 2801 1063 2867 deciderim.

331 2884 392 2950 Sed
413 2884 550 2968 primum
570 2884 716 2947 meritam
750 2906 784 2947 ar
807 2906 826 2947 a
847 2884 963 2949 donate
985 2886 1085 2952 salute

372 2970 478 3052 Atque
499 2966 577 3031 haee
599 2967 755 3032 submisso
802 2968 872 3032 'cite
894 2969 990 3033 verba
1011 2992 1100 3036 sono.

329 3051 430 3118 ‘Haeo
442 3051 502 3116 tibi
516 3052 564 3117 vir
579 3051 752 3135 quondam,
766 3073 853 3117 nuno
867 3051 972 3138 frater,
988 3059 1074 3119 easta
1087 3056 1119 3122 N
1121 3077 1211 3122 eaero

371 3137 473 3202 Mittit
494 3139 526 3201 et
547 3135 681 3220 accipias
703 3158 833 3200 munera
854 3158 950 3219 parva
971 3144 1080 3224 rogat,

279 3222 372 3287 11Τ1
393 3244 433 3287 ue
454 3220 519 3285 suis
540 3220 623 3285 iurat
644 3242 750 3284 ceram
771 3221 874 3306 magis
896 3243 964 3286 esse
985 3224 1147 3306 medullis,

372 3245 444 3371 Sive
465 3305 526 3370 sibi
548 3304 685 3371 coniunx
706 3305 772 3369 aive
793 3305 900 3370 futura
921 3327 1020 3372 soror.

329 3389 391 3455 Sed
412 3390 518 3472 potius
540 3389 691 3454 coniunx:
712 3387 806 3455 huius
828 3412 916 3474 spem
937 3392 1076 3455 nominis
1099 3389 1146 3456 illi

370 3474 503 3538 Auferet
525 3474 663 3538 extincto
686 3473 804 3557 pallida
825 3474 909 3540 Ditis
930 3483 1033 3559 aqua'
