2558 4094
129 228 175 299 u]
521 227 628 281 urana
649 227 696 281 111.

128 389 173 454 Er
197 411 216 455 o
238 411 279 454 ne
301 388 410 453 dubita
430 387 562 452 blandas
584 386 732 452 adhibere
754 387 923 470 querellas:
1049 394 1082 446 π

169 411 351 538 lincuntur
371 473 462 537 molli
482 475 612 556 pectora
633 472 711 535 dura
730 492 832 554 prece.

128 557 220 634 Quod
241 557 269 621 si
289 578 365 621 vera
386 559 504 620 canunt
524 556 621 620 sacris
643 555 770 620 oracula
789 555 931 638 templis,

168 640 258 705 Haec
279 640 328 704 illi
348 643 459 704 nostro
480 641 610 704 nomine
632 640 715 704 dicta
735 639 832 703 refer:

127 724 198 790 Hoc
219 723 280 788 tibi
301 725 484 810 coniugium
504 724 663 808 promittit
682 723 793 787 Delius
815 723 883 806 ipse

170 809 276 891 Felix,
298 807 375 872 hoc:
397 808 495 872 alium
516 807 623 872 desine
644 808 725 872 velle
746 807 870 871 virum?
1049 815 1084 869 ω

126 892 232 976 Dixit,
256 895 288 956 et
308 893 441 976 ignavus
463 892 592 956 defluxit
614 912 745 975 corpore
768 912 906 955 somnus.

168 977 200 1040 A
221 999 238 1040 e
262 997 282 1039 o
304 997 344 1041 ne
365 976 486 1072 possim
506 978 596 1039 tanta
616 976 722 1040 videre
744 974 844 1039 mala!

125 1060 196 1126 Nec
216 997 276 1124 tili
298 1060 483 1124 crediderim
504 1060 587 1124 votis
609 1059 767 1125 contraria
787 1062 862 1124 vota

168 1143 237 1209 Nec
257 1146 382 1208 tantum
403 1145 523 1208 crimen
543 1147 671 1228 pectore
693 1145 796 1207 inesse
817 1147 889 1208 tuo:

126 1228 210 1293 Nam
231 1231 263 1294 te
284 1249 343 1293 nec
364 1229 446 1292 vasti
467 1231 646 1312 genuerunt
666 1248 802 1311 aequora
822 1227 913 1311 ponti
1049 1235 1083 1288 8⁶

167 1312 236 1378 Nec
256 1313 416 1377 flammam
437 1313 567 1377 volvens
589 1333 643 1376 ore
665 1311 832 1378 Chimaera
856 1312 923 1376 sero

125 1396 195 1463 Nec
217 1397 305 1461 canis
328 1397 486 1482 anguinea
505 1397 670 1461 redimitus
691 1398 783 1482 terga
803 1397 943 1471 caterva,

168 1479 227 1546 Oui
249 1484 315 1545 tres
337 1483 412 1544 sunt
432 1481 559 1565 linguae
580 1481 853 1565 tergeminumque
875 1482 984 1563 caput,

126 1562 166 1629 Sc
188 1565 293 1649 llaque
313 1564 490 1648 virgineam
511 1565 642 1628 canibus
664 1566 823 1629 succincta
844 1563 993 1647 figuram,

200 1669 236 1712 ec
256 1650 288 1712 te
310 1650 496 1729 conceptam
518 1670 610 1711 saeva
631 1647 741 1711 leaena
760 1648 849 1729 tulit,
1049 1656 1083 1707 90

126 1731 265 1796 Barbara
285 1752 345 1794 nec
367 1729 514 1814 Scythiae
535 1732 629 1795 tellus
650 1730 844 1795 horrendaue
867 1729 985 1812 Syrtis,

168 1814 230 1880 Sed
252 1815 338 1880 culta
359 1817 391 1879 et
412 1815 498 1879 duris
518 1835 586 1878 non
605 1814 777 1878 habitanda
798 1813 910 1877 domus

124 1898 169 1964 Et
189 1901 285 1985 longe
308 1901 382 1963 ante
403 1899 481 1962 alias
504 1920 613 1963 omnes
635 1898 804 1963 mitissima
824 1901 926 1962 mater

166 1983 260 2068 Isque
281 1987 373 2067 pater
394 2004 456 2067 quo
478 2004 544 2047 non
566 1983 647 2047 alter
668 1983 840 2047 amabilior.

124 2067 212 2131 Haec
235 2068 311 2131 dens
332 2068 367 2132 in
387 2068 500 2132 melius
523 2068 661 2133 crudelia
683 2067 807 2131 somnia
826 2069 930 2132 vertat
1048 2076 1083 2128 so

166 2150 211 2214 llt
231 2151 339 2215 iubeat
358 2151 484 2236 tepidos
505 2153 595 2216 irrita
615 2152 697 2217 ferre
718 2151 831 2218 Notos.

578 2363 620 2438 V.

124 2484 192 2550 Vos
214 2487 316 2568 tenet,
339 2483 483 2550 Etruscis
504 2488 614 2549 manat
636 2507 714 2569 quae
735 2485 879 2549 fontibus
902 2483 1002 2568 unda,

166 2568 261 2634 Vnda
283 2570 341 2634 sub
363 2570 518 2634 aestivum
538 2591 606 2634 non
627 2570 770 2633 adeunda
792 2568 925 2650 Canem,

125 2653 220 2720 Nunc
241 2657 348 2719 autem
369 2654 466 2718 sacris
487 2654 635 2717 Baiarum
658 2654 803 2735 proxima
822 2652 977 2737 lymphis,

167 2738 248 2804 Cum
270 2761 304 2803 sc
326 2759 483 2823 purpureo
505 2760 578 2802 vere
599 2738 734 2802 remittit
754 2738 883 2802 humus:

125 2823 168 2887 At
189 2822 268 2887 mihi
289 2822 491 2906 Persephone
512 2823 637 2907 nigram
658 2821 824 2886 denuntiat
843 2821 970 2886 horam:
1066 2830 1083 2883 5

165 2904 318 2972 Inmerito
341 2907 447 2972 iuveni
468 2928 561 2990 parce
583 2927 712 2989 nocere,
736 2906 803 2971 dea.

124 2989 156 3056 N
158 3011 201 3054 on
222 3012 282 3075 ego
304 2991 458 3075 temptavi
478 2991 558 3055 nulli
579 2990 762 3055 temeranda
782 2991 922 3054 virorum

166 3073 281 3138 Audax
301 3075 475 3140 laudandae
498 3096 586 3139 sacra
608 3075 720 3138 docere
743 3075 832 3157 deae,

124 3157 155 3222 N
158 3178 193 3222 ec
215 3178 286 3222 mea
306 3159 479 3223 mortiferis
500 3158 612 3222 infecit
632 3158 747 3242 pocula
768 3157 851 3221 sucis

165 3240 305 3306 Dextera
325 3263 386 3306 nec
407 3243 554 3326 cuiquam
575 3242 651 3306 trita
671 3263 793 3305 venena
815 3241 916 3322 dedit,
1052 3251 1085 3303 ιο

124 3325 194 3392 Nec
215 3346 275 3390 nos
298 3325 444 3411 sacrilegi
465 3327 593 3472 templis
615 3325 811 3390 admovimus
832 3325 941 3408 ignes,

166 3409 235 3477 Nec
258 3422 314 3475 cor
335 3409 511 3473 sollicitant
546 3412 616 3473 acta
635 3407 773 3474 nefanda
793 3430 912 3489 meum,

126 3493 193 3560 Nec
215 3515 274 3559 nos
296 3493 425 3558 insanae
446 3493 636 3558 meditantes
657 3493 761 3580 iurgia
780 3493 896 3557 mentis
