2558 4094
156 296 204 370 u]
557 292 665 348 amaa
686 292 708 349 ι
1100 286 1120 349 3

200 458 332 541 Vincta,
355 478 459 543 neque
480 455 515 520 in
535 457 645 520 tenero
669 458 733 519 stat
752 456 813 519 tibi
835 455 929 521 corde
951 455 1038 520 silex.

158 543 218 607 Illo
240 564 307 607 non
327 539 452 606 iuvenis
472 541 590 637 poterit
612 541 650 604 de
670 540 782 604 funere
804 541 971 624 quisquam
1087 551 1120 601 co

201 626 352 709 Lumina,
373 646 441 689 non
461 646 509 688 vn
533 646 569 708 o,
592 625 677 688 sicca
697 623 814 688 referre
837 624 973 688 domum.

158 711 241 776 Tum
262 711 374 774 Manes
395 730 437 773 ne
458 647 547 773 laede
568 730 672 791 meos,
696 708 752 772 sed
773 729 866 792 parce
889 709 1003 773 solutis

202 794 351 860 Crinibus
374 795 406 857 et
426 795 560 875 teneris,
582 792 690 876 Delia,
712 813 805 877 parce
827 793 928 877 genis.

160 879 299 961 Interea,
322 878 398 941 dum
419 877 487 940 fata
508 879 632 960 sinunt,
655 878 711 940 iun
735 898 824 940 amus
846 898 984 941 amores:

201 962 271 1027 Iam
291 962 399 1027 veniet
418 960 559 1025 tenebris
580 962 668 1025 Mors
731 965 842 1045 operta
863 963 973 1045 caput,
1088 972 1121 1022 lo

159 1047 228 1112 Iam
250 1046 400 1130 subrepet
421 1046 506 1110 iners
528 1047 629 1128 aetas,
651 1065 711 1110 nec
732 1067 836 1109 amare
859 1045 999 1127 decebit,

201 1129 316 1195 Dicere
336 1151 397 1194 nee
419 1151 498 1194 cano
521 1128 693 1193 blanditias
715 1150 752 1193 ca
774 1130 820 1194 iti.

159 1215 254 1281 Nune
268 1215 347 1280 levis
362 1216 412 1278 est
425 1214 591 1278 tractanda
605 1213 724 1297 Venus,
762 1236 816 1278 um
828 1214 976 1298 frangere
990 1215 1099 1298 postes

201 1298 278 1364 Non
298 1298 397 1383 pudet
418 1301 451 1363 et
470 1299 555 1362 rixas
577 1298 774 1363 conseruisse
796 1299 892 1362 iuvat.

160 1383 222 1448 Hic
238 1405 298 1468 ego
314 1382 378 1447 dux
391 1382 546 1466 milesque
560 1383 679 1446 bonus:
700 1404 770 1465 vos,
793 1383 887 1468 signa
901 1382 1066 1466 tubaeque,
1089 1393 1120 1442 τό

202 1468 251 1532 Ite
272 1467 400 1552 procul,
423 1466 545 1551 cupidis
566 1467 697 1531 volnera
718 1467 799 1531 ferte
820 1467 912 1549 viris,

160 1551 254 1616 Ferte
277 1553 311 1615 et
332 1572 424 1633 opes:
447 1572 507 1635 ego
530 1551 696 1635 conposito
719 1572 846 1615 securus
869 1572 979 1615 acervo

202 1635 385 1718 Despiciam
408 1633 489 1698 dites
512 1634 745 1719 despiciamque
765 1636 894 1699 famem.

567 1765 717 1772 ———-—-

616 1849 661 1924 H.

162 1973 253 2038 Adde
275 1995 397 2037 merum
418 1973 555 2057 vinoque
576 1994 677 2037 novos
700 1994 854 2058 conpesce
876 1973 1017 2056 dolores,

206 2058 348 2154 Occupet
369 2060 405 2121 ut
425 2057 504 2122 fessi
525 2059 646 2122 lumina
666 2057 749 2122 victa
770 2078 882 2142 sopor:

163 2141 234 2208 Neu
256 2162 423 2225 qmsquam
444 2142 545 2206 multo
566 2143 730 2225 perfusum
751 2146 895 2225 tempora
916 2141 1042 2206 Baeeho

203 2225 347 2307 Excitet,
370 2226 483 2289 infelix
505 2225 579 2290 dum
600 2227 771 2310 requiescit
792 2247 890 2290 amor.

162 2309 246 2375 Nam
267 2309 404 2393 positast
423 2312 552 2373 nostrae
574 2310 717 2374 custodia
739 2332 832 2374 saeva
852 2310 994 2392 puellae,
1107 2319 1123 2371 ⁵

205 2391 370 2458 Clauditur
392 2395 424 2456 et
445 2391 525 2457 dura
545 2393 639 2456 ianua
660 2395 751 2457 finna
772 2415 850 2458 sera.

161 2477 262 2541 Ianua
283 2476 423 2540 difficilis
446 2476 608 2560 dominae,
630 2481 662 2541 te
683 2479 828 2542 verberet
848 2477 965 2559 imber,

204 2561 250 2627 Te
271 2559 358 2625 Iovis
379 2559 513 2644 imperio
535 2560 671 2625 fulmina
692 2561 789 2624 missa
809 2563 929 2645 petant.

163 2645 278 2729 lanua,
300 2645 365 2708 iam
386 2648 495 2729 pateas
517 2645 573 2708 uni
594 2644 688 2728 mihi,
710 2645 794 2709 vieta
816 2646 977 2728 querellis,

204 2730 277 2795 Neu
298 2729 410 2792 furtim
432 2750 523 2793 verso
546 2729 674 2793 cardine
696 2732 806 2812 aperta
827 2750 931 2794 sones.
1093 2742 1124 2790 tc

164 2813 207 2881 Et
227 2813 314 2877 mala
335 2814 426 2897 siqua
446 2813 506 2877 tibi
528 2813 608 2876 dixit
630 2814 788 2878 dementia
809 2817 933 2897 nostra,

204 2896 375 2983 Ignoscas:
398 2897 495 2980 capiti
517 2898 583 2961 sint
604 2919 716 2982 precor
736 2898 792 2961 illa
812 2920 893 2963 meo.

162 2981 208 3046 Te
229 2981 412 3046 meminisse
434 2981 538 3064 decet,
561 3002 641 3065 quae
661 2983 797 3065 plurima
818 3003 895 3046 voce
916 2983 1026 3066 peregi

206 3065 372 3149 Supplice,
397 3087 469 3129 eum
490 3066 575 3148 posti
596 3066 694 3130 florea
716 3069 800 3130 serta
821 3065 937 3130 darem.

162 3149 212 3214 Tu
234 3170 358 3232 quoque
380 3171 421 3213 ne
443 3149 553 3213 timide
576 3150 736 3234 custodes,
758 3149 866 3233 Delia,
887 3151 973 3214 falle.
1092 3160 1124 3211 lo

208 3232 446 3297 Audendumst:
468 3233 568 3298 fortes
591 3233 718 3299 adiuvat
737 3235 807 3317 ipsa
827 3233 946 3298 Venus.

163 3318 226 3383 llla
246 3317 350 3398 favet,
373 3337 429 3380 seu
451 3319 504 3400 qui
526 3318 648 3382 iuvenis
669 3339 753 3382 novo
776 3318 888 3380 limina
909 3319 1058 3401 temptat,

207 3401 270 3468 Seu
291 3402 412 3465 reserat
432 3401 494 3464 fixo
517 3400 611 3465 dente
631 3402 739 3487 puella
759 3402 860 3466 fores:

164 3485 224 3551 Illa
246 3486 339 3550 docet
359 3484 470 3547 furtim
491 3484 580 3548 molli
602 3485 750 3570 derepere
770 3486 870 3567 lecte,

206 3569 268 3635 Illa
288 3569 401 3655 pedem
422 3568 510 3633 nullo
533 3589 650 3652 ponere
671 3591 765 3654 posse
788 3591 882 3654 sono,
1094 3581 1126 3630 20

942 3672 975 3722 ι*
