2558 4094
157 253 203 326 n]
556 251 705 310 unsar
1096 246 1118 312 c

158 415 206 480 Tu
227 419 336 481 tamen
357 414 517 481 abstineas
539 415 626 480 aliis:
648 437 724 480 nam
745 418 849 481 cetera
871 417 978 480 cernet
1020 399 1023 407 ¹

201 501 329 565 Omnis:
353 500 391 564 de
412 522 463 564 me
484 521 548 564 uno
571 500 686 563 sentiet
706 499 760 564 ille
781 499 872 564 nihil.

158 583 241 660 Quid
264 583 410 650 credam?
431 604 546 732 nempe
567 583 647 648 haec
661 583 771 648 eadem
786 606 819 648 se
834 583 915 647 dixit
929 603 1054 647 amores

201 668 352 734 Cantibus
375 671 429 732 aut
449 668 506 732 her
528 668 556 731 is
578 669 700 733 solvere
721 689 815 752 posse
836 689 938 751 meos,
1084 677 1117 726 60

158 751 202 818 Et
223 774 274 817 me
295 752 442 816 lustravit
461 751 563 815 taedis
569 800 579 835 ,
602 754 635 817 et
655 755 749 816 nocte
771 773 881 816 serena

201 835 350 902 Concidit
370 835 411 900 ad
431 836 573 920 magicos
594 835 700 900 hostia
720 837 808 919 pulla
829 836 915 901 deos.

157 920 235 987 Non
256 941 316 1005 ego
337 923 425 984 totus
447 919 572 984 abesset
593 942 696 1002 amor,
718 920 774 985 sed
795 923 922 984 mutuus
945 922 1043 1002 esset,

201 1005 353 1086 Orabam,
374 1025 434 1068 nec
455 1007 488 1068 te
509 1025 603 1088 posse
625 1026 731 1069 carere
752 1005 857 1069 velim.

158 1087 290 1154 Ferreus
311 1089 366 1152 ille
386 1088 463 1170 fuit,
487 1088 541 1171 qui
561 1090 594 1153 te
615 1110 687 1153 cum
709 1091 818 1172 posset
837 1089 970 1172 habere,
1084 1098 1118 1149 ss

200 1172 349 1237 Maluerit
369 1172 501 1256 praedas
524 1173 639 1237 stultus
661 1176 694 1237 et
715 1195 804 1236 arma
825 1174 923 1257 sequi.

158 1256 218 1321 Ille
240 1257 316 1322 licet
337 1256 473 1322 Cilicum
494 1257 594 1321 victas
616 1261 692 1354 agat
713 1260 786 1321 ante
809 1260 965 1340 catervas,

200 1340 305 1406 Ponat
327 1344 359 1406 et
380 1342 415 1404 in
436 1343 528 1425 capto
551 1341 669 1405 Martia
690 1344 796 1407 castra
816 1342 900 1424 solo,

158 1424 257 1490 Totus
280 1428 313 1489 et
333 1428 466 1510 argento
490 1429 671 1509 contextus,
693 1429 778 1490 totus
801 1429 834 1491 et
855 1447 946 1509 auro,

199 1509 342 1574 insideat
362 1509 456 1574 celeri
478 1510 719 1593 conspiciendus
742 1531 838 1658 essuo'
1084 1521 1118 1571 vo

157 1593 231 1676 Ipse
252 1593 350 1659 boves
371 1615 443 1657 mea
464 1594 492 1657 si
512 1597 618 1658 tecum
640 1595 734 1658 modo
790 1595 850 1659 elia
870 1595 991 1679 possim

199 1677 336 1762 Iungere
358 1680 390 1742 et
411 1676 446 1740 in
468 1678 563 1742 solito
584 1700 713 1762 pascere
734 1682 844 1743 monte
864 1699 976 1763 pecust

157 1760 202 1826 Et
222 1765 255 1826 te
277 1762 352 1825 dum
374 1761 468 1825 liceat
487 1762 605 1825 teneris
625 1763 761 1826 retinere
783 1762 924 1846 lacertis,

203 1845 312 1910 Mollis
334 1847 366 1910 et
386 1845 507 1909 inculta
529 1845 572 1909 sit
592 1845 671 1909 mihi
693 1867 822 1911 somnus
843 1844 950 1911 humo.

157 1929 241 2006 Quid
262 1929 358 2013 Tyrio
379 1929 530 1994 recubare
550 1932 622 1994 toro
644 1930 712 1994 sine
735 1951 841 1995 amore
863 1931 1000 1996 secundo
1084 1941 1117 1992 vo

199 2013 348 2092 Prodest,
370 2035 442 2078 cum
463 2014 540 2078 fietu
560 2035 624 2079 nox
645 2015 808 2099 vigilanda
829 2014 938 2079 venit?

156 2097 189 2164 N
191 2120 243 2162 am
253 2119 354 2181 neque
369 2101 437 2162 tum
448 2098 575 2183 plumae
586 2120 646 2163 nec
657 2101 800 2184 stragula
810 2099 896 2183 picta
907 2121 1054 2183 soporem

199 2182 268 2248 Nec
290 2183 412 2247 sonitus
436 2183 578 2266 placidae
601 2182 713 2248 ducere
735 2186 844 2268 posset
866 2204 974 2267 aquae.

156 2264 244 2331 Num
266 2265 401 2330 Veneris
422 2288 557 2351 magnae
578 2267 695 2331 violavi
716 2269 848 2331 numina
870 2268 983 2350 verbo,

199 2350 242 2413 nt
262 2371 334 2414 mea
354 2371 440 2414 nunc
461 2372 581 2435 poenas
602 2352 690 2434 inpia
711 2352 822 2438 lingua
842 2350 923 2415 luit?
1083 2362 1117 2412 80

156 2433 244 2500 Num
265 2434 351 2498 feror
371 2434 510 2498 incestus
532 2433 621 2498 sedes
647 2435 762 2500 adiisse
784 2435 915 2500 deorum

200 2518 351 2602 Sertaque
373 2518 412 2583 de
434 2519 552 2582 sanctis
574 2518 748 2603 deripuisse
770 2519 872 2583 focis?

156 2602 233 2668 Non
255 2623 331 2685 eoo,
353 2602 381 2666 si
401 2603 517 2685 merui,
539 2602 681 2667 dubitem
701 2603 909 2700 procumbere
930 2602 1057 2686 templis

199 2687 243 2751 nt
264 2655 337 2751 dare
360 2687 490 2751 sacratis
512 2687 620 2751 oscula
641 2687 819 2770 limmibus‚
983 2745 990 2756 .

157 2770 234 2837 Non
255 2793 315 2857 ego
336 2771 483 2836 tellurem
504 2771 640 2856 genibus
661 2793 827 2856 perrepere
849 2771 983 2854 supplex
1007 2776 1023 2795 ’
1082 2781 1115 2833 8⁵

198 2854 243 2920 Et
262 2855 413 2920 miserum
435 2858 546 2920 sancto
567 2855 700 2920 tundere
720 2860 813 2940 poste
835 2859 938 2939 caput.

157 2940 203 3003 At
222 2942 273 3023 tu,
296 2940 349 3037 qui
371 2941 473 3005 laetus
494 2938 579 3004 rides
600 2941 684 3004 mala
704 2943 830 3023 nostra,
854 2944 963 3004 caveto

199 3023 275 3088 Mox
296 3023 370 3089 ubi:
391 3045 458 3089 non
478 3024 535 3088 uni
557 3024 676 3088 saeviet
696 3046 796 3107 usque
818 3023 903 3089 deus.

156 3105 231 3172 Vidi
253 3127 313 3191 ego
352 3109 406 3191 qui
427 3110 577 3173 iuvenum
599 3109 732 3172 miseros
754 3109 882 3172 lusisset
903 3128 1041 3189 amores,

197 3189 277 3254 Post
297 3157 431 3256 lleneris
453 3192 566 3256 vinclis
588 3192 721 3257 subdere
744 3192 826 3256 colla
848 3212 956 3255 senem
1083 3203 1115 3252 so

155 3273 201 3339 Et
220 3274 281 3337 sibi
302 3274 475 3340 blanditias
496 3277 632 3340 tremula
653 3296 833 3359 conponere
855 3295 932 3338 voce

197 3358 242 3423 Et
261 3358 408 3423 manibus
430 3381 525 3424 canas
546 3360 667 3445 fingere
688 3359 768 3423 velle
790 3379 913 3422 comas:

156 3443 247 3509 Stare
268 3462 328 3506 nec
348 3446 422 3507 ante
443 3445 528 3508 fores
549 3443 664 3527 puduit
685 3464 815 3507 caraeve
835 3443 960 3527 puellae

197 3526 357 3591 Ancillam
378 3527 483 3592 medio
507 3527 678 3591 detinuisse
699 3528 779 3593 foro.
