2558 4094
128 273 133 291 ¹·
216 259 255 327 18
620 264 763 322 neuun
1086 263 1175 335 [vm.

278 427 345 494 Nec
365 429 402 493 tu
423 427 561 493 difficilis
583 450 681 513 puero
701 432 810 492 tamen
831 449 900 492 esse
921 432 1081 492 memento

320 511 537 596 (Persequitur
557 513 669 596 poenis
694 513 799 577 tristia
821 512 906 576 facta
926 511 1065 597 Venus),

277 597 410 661 Munera
430 618 489 661 nec
510 618 639 680 poscas:
661 597 715 660 det
736 618 867 660 munera
889 617 986 660 canus
1008 597 1149 678 amator,

228 694 262 743 80
317 680 363 745 Vt
382 681 491 745 foveas
512 682 602 745 molli
622 680 740 766 frigida
760 682 902 745 membra
923 681 1004 744 sinu.

278 764 389 831 Carior
410 767 461 830 est
482 786 559 829 auro
580 765 718 849 iuvenis,
741 765 792 830 cui
814 766 896 829 levia
916 765 1042 848 fulgent

320 849 384 914 Ora
405 870 465 914 nec
487 849 650 933 amplexus
672 871 783 933 aspera
804 849 903 913 barba
923 849 1007 913 terit.

279 933 363 999 Huic
384 936 420 998 tu
442 933 613 998 candentes
635 955 744 998 umero
767 955 910 1018 suppone
931 933 1082 1015 lacertos,
1163 953 1165 956 ’

320 1017 365 1082 Et
385 1039 497 1102 regum
518 1038 652 1115 magnae
675 1017 888 1102 despiciantur
908 1039 993 1100 opes.

228 1111 261 1165 85
275 1103 322 1165 At
342 1101 451 1166 Venus
473 1102 615 1166 invemet
634 1123 732 1185 puero
754 1101 957 1166 succumbere
978 1101 1106 1185 furtim,

320 1185 405 1250 Dum
425 1185 518 1250 timet
553 1188 590 1250 ut
611 1189 737 1251 teneros
761 1189 908 1250 conserat
928 1207 1028 1269 usque
1051 1187 1155 1269 sinus,

277 1269 321 1335 Et
343 1269 417 1333 dare
439 1235 600 1334 anhelanti
621 1270 837 1355 pugnantibus
858 1269 965 1334 umida
987 1270 1105 1354 linguis

322 1352 438 1418 Oscula
460 1354 547 1416 etin
570 1353 652 1418 collo
674 1354 772 1439 figere
794 1353 886 1418 dente
907 1356 1011 1417 notas.

280 1437 356 1502 Non
386 1437 468 1520 lapis
500 1437 584 1501 hanc
611 1459 817 1522 gemmaeque
849 1439 973 1585 iuvantl,
1007 1459 1088 1522 quae
1119 1437 1176 1501 fri·

843 1543 897 1587 ore
920 1544 988 1586 soa

229 1619 264 1669 ao
319 1606 468 1671 Dormiat
489 1609 521 1670 et
541 1606 623 1670 nulli
643 1608 686 1670 sit
707 1544 862 1690 cupienda
882 1607 961 1672 viro.

280 1690 353 1756 Heu
375 1712 445 1755 sero
467 1693 634 1755 revocatur
655 1712 744 1755 amor
765 1713 897 1775 seroque
918 1692 1060 1775 iuventa,

325 1774 406 1840 Cum
427 1777 518 1840 vetus
540 1775 652 1839 infecit
675 1797 754 1840 cana
775 1779 903 1841 senecta
926 1780 1029 1860 caput.

279 1859 360 1924 Tum
382 1859 521 1923 studium
547 1860 714 1925 formaest:
744 1881 835 1925 coma
862 1865 930 1925 turn
957 1865 1112 1944 mutatur,
1140 1862 1177 1924 ut

820 1966 921 2009 annos

325 2027 514 2092 Dissimulet
535 2028 627 2092 viridi
649 2027 767 2093 cortice
788 2029 888 2092 tincta
908 2029 1013 2092 nucis:

232 2125 263 2174 45
279 2111 403 2175 Tollere
424 2115 494 2175 tum
517 2115 622 2175 curast
643 2111 732 2175 albos
755 2133 773 2174 a
798 2113 896 2195 stirpe
919 2112 1049 2195 capillos

321 2194 366 2258 Et
386 2194 502 2260 faciem
524 2194 653 2279 dempta
674 2195 757 2278 pelle
778 2196 896 2260 referre
917 2218 1042 2261 novam.

281 2280 326 2343 At
346 2281 396 2362 tu,
420 2279 495 2342 dum
516 2279 611 2362 primi
632 2280 725 2343 floret
744 2279 804 2343 tibi
825 2281 977 2364 temporis
1000 2286 1102 2365 aetas,

322 2362 434 2427 Vtere:
456 2384 523 2427 non
544 2364 635 2428 tardo
657 2363 775 2428 labitur
796 2363 852 2428 illa
872 2365 961 2449 pede.

280 2447 353 2513 Neu
367 2447 549 2512 Marathum
563 2451 693 2531 torque:
710 2469 808 2532 puero
824 2471 904 2532 quae
918 2451 1022 2536 gloria
1038 2450 1177 2515 victost?

230 2545 265 2595 oo
320 2531 359 2596 ln
381 2535 501 2596 veteres
524 2535 592 2597 esto
615 2533 707 2615 dura,
730 2533 850 2616 puella,
874 2555 973 2599 senes.

281 2617 379 2683 Parce
400 2638 512 2701 precor
534 2620 659 2682 tenero:
681 2638 748 2682 non
768 2618 816 2681 illi
838 2619 961 2682 sontica
982 2621 1119 2700 enasset,

323 2700 385 2766 Sed
405 2702 524 2765 nimius
546 2702 614 2766 luto
637 2723 769 2786 corpora
789 2702 889 2787 tingit
908 2723 1006 2766 amor.

280 2784 342 2850 Vel
362 2786 458 2849 miser
480 2787 604 2850 absenti
625 2788 762 2849 maestas
784 2807 993 2869 quamsaepe
1015 2786 1157 2868 querelas

324 2868 451 2935 Oonicit
472 2873 505 2934 et
526 2870 665 2933 lacrimis
688 2870 796 2933 omnia
816 2871 912 2953 plena
932 2869 1076 2933 madent!

233 2968 266 3018 oo
280 2953 382 3030 ‘Quid
403 2975 453 3017 me
476 2953 641 3036 spernis?’
663 2953 716 3018 ait.
748 2956 890 3036 ‘poterat
912 2954 1056 3018 custodia
1076 2954 1178 3020 vinci:

323 3038 396 3121 Ipse
418 3036 505 3101 dedit
527 3037 648 3121 cupidis
670 3037 781 3102 fallere
802 3059 898 3122 posse
920 3038 1005 3102 deus.

281 3123 368 3188 Nota
389 3120 498 3185 Venus
520 3122 638 3185 furtiva
659 3121 782 3206 mihist,
805 3126 841 3186 ut
862 3123 943 3186 lenis
966 3126 1080 3208 agatur

324 3206 476 3290 Spiritus,
499 3208 536 3270 ut
556 3228 615 3271 nec
638 3207 714 3271 dent
736 3208 844 3271 oscula
865 3211 957 3290 rapta
979 3229 1109 3273 sonum:

281 3292 325 3356 Et
346 3312 475 3375 possum
496 3291 600 3355 media
622 3292 764 3375 quamvis
786 3291 937 3375 obrepere
959 3295 1052 3357 nocte

231 3387 267 3442 8⁰
322 3376 366 3439 Et
387 3375 522 3459 strepitu
543 3376 632 3440 nullo
656 3377 738 3440 clam
759 3397 899 3441 reserare
920 3377 1016 3442 fores.

282 3459 364 3536 Quid
385 3462 521 3542 prosunt
542 3463 641 3543 crica,
663 3461 814 3525 miserum
836 3461 863 3525 si
884 3462 1005 3546 spernit
1019 3464 1177 3525 amantem

324 3543 367 3608 Et
387 3543 472 3628 fugit
493 3565 531 3608 ex
552 3545 622 3628 ipso
645 3567 738 3610 saeva
758 3546 864 3631 puella
884 3546 977 3612 toro?
