2558 4094
190 244 231 310 46
272 252 274 257 ’
596 249 740 309 'flavum
1111 258 1146 315 Π.

251 412 336 478 Nam
367 433 555 498 quamquam
589 415 737 498 antiquae
767 415 873 501 gentis
904 421 1054 502 superant
1085 418 1145 483 tibi

251 579 328 646 Non
348 583 404 644 tua
423 581 580 646 maiorum
602 499 915 669 contenusrliiireisa'
926 584 1026 668 fama,

202 676 236 727 30
249 663 318 729 Nec
340 665 464 748 quaeris
485 665 561 763 quid
575 687 698 750 quaque
715 667 810 731 index
825 667 883 732 sub
897 668 1036 816 imafflpe
1051 668 1143 752 dicat,

251 747 313 813 Sed
334 750 460 833 generis
481 771 603 833 prrscos
626 751 791 814 contendis
812 752 938 816 vincere
1002 772 1112 837 nores,

252 831 354 908 Quam
374 832 435 897 tibi
455 833 591 897 maiores
612 834 713 898 maius
736 833 830 899 decus
852 836 920 919 ipse
941 835 1072 901 futuris:

249 916 296 980 At
315 919 371 980 tua
391 936 458 980 non
478 917 591 981 titulus
613 918 717 1002 capiet
737 918 796 982 sub
817 920 947 984 nomine
967 920 1066 1002 facta,

249 1000 389 1065 Aeterno
411 1000 466 1064 sed
488 1004 580 1065 erunt
600 1001 660 1066 tibi
681 1023 798 1088 magna
819 1003 981 1067 volumina
1002 1025 1110 1088 versu,

200 1098 233 1148 85
249 1083 509 1168 conveniantque
529 1088 601 1149 tuas
623 1086 729 1170 cupidi
750 1106 929 1170 conponere
951 1086 1060 1152 laudes

249 1167 397 1251 Vndique
419 1169 535 1252 quique
553 1173 669 1234 canent
681 1170 788 1235 vincto
802 1170 883 1254 pede
898 1171 1012 1254 quique
1027 1172 1141 1237 soluto.

249 1251 326 1328 Quis
348 1253 468 1335 potior,
491 1255 653 1318 certamen
674 1254 748 1318 erit:
771 1253 831 1317 sim
851 1254 954 1318 victor
974 1255 1010 1318 in
1030 1255 1111 1339 illis,

248 1336 294 1400 Vt
314 1338 459 1399 nostrum
480 1337 579 1400 tantis
599 1337 771 1401 inscribam
792 1357 911 1401 nomen
931 1338 966 1401 in
986 1339 1074 1402 actis.

290 1419 374 1485 Nam
396 1420 465 1502 quis
486 1423 519 1484 te
539 1420 660 1484 maiora
680 1421 765 1505 gerit
786 1420 935 1485 castrisue
957 1420 1090 1486 forove?

200 1517 233 1567 40
246 1504 315 1570 Nec
335 1507 444 1567 tamen
464 1502 538 1568 hinc
561 1506 615 1567 aut
640 1503 715 1568 hinc
740 1503 800 1567 tibi
828 1505 896 1568 laus
923 1505 1062 1569 maiorve
1083 1506 1140 1569 mi-

787 1608 884 1652 norve

247 1671 335 1736 Iusta
355 1672 425 1755 pari
468 1672 599 1736 remitur
620 1672 719 1735 veluti
741 1693 813 1736 cum
834 1637 974 1756 poridere
995 1673 1092 1755 libra,

247 1756 354 1820 Prona
374 1776 433 1820 nec
446 1694 514 1820 lrac
534 1756 606 1840 plus
620 1759 710 1839 parte
725 1755 813 1821 sedet
826 1777 885 1820 nec
900 1758 1002 1842 surgit
1017 1758 1056 1822 ab
1074 1757 1141 1840 illa,

247 1839 371 1922 Qualis,
393 1840 596 1923 inaequatum
618 1840 645 1904 si
667 1840 792 1924 quando
810 1861 890 1904 onus
903 1844 1018 1926 urguet
1032 1841 1141 1906 utrim-

808 1946 847 1988 ue

246 2006 412 2071 Instabilis
433 2010 523 2071 natat
544 2008 668 2072 alterno
690 1946 867 2091 depr-cisio}
889 2009 974 2071 orbe.

197 2103 231 2152 45
288 2089 374 2155 Nam
396 2111 451 2154 seu
473 2090 588 2154 diversi
608 2091 723 2154 fremat
743 2091 959 2154 inconstantia
979 2090 1085 2176 vulgi,

246 2172 321 2238 Non
343 2173 423 2237 alius
446 2174 554 2237 sedare
576 2175 685 2256 queat:
707 2194 763 2237 seu
781 2173 894 2238 iudicis
915 2174 963 2237 ira

247 2257 297 2322 Sit
316 2257 485 2341 placanda,
507 2257 572 2321 tuis
592 2257 712 2340 poterit
732 2257 897 2323 mitescere
918 2257 1034 2323 verbis.

245 2341 322 2407 Non
342 2341 439 2425 Pylos
460 2344 515 2406 aut
535 2340 644 2406 Ithace
665 2343 773 2405 tantos
794 2341 942 2426 genuisse
964 2341 1109 2407 feruntur

245 2425 383 2491 Nestora
402 2427 453 2490 vel
474 2446 588 2510 parvae
609 2447 761 2510 magnum
784 2425 878 2491 decus
899 2426 986 2491 urbis
1007 2426 1139 2509 Vlixen,

196 2522 230 2573 oo
243 2510 368 2575 Vixerit
388 2511 443 2575 ille
464 2531 560 2574 senex
574 2510 732 2594 quamvis,
755 2509 830 2574 dum
850 2512 942 2575 terna
960 2533 1017 2594 per
1031 2510 1139 2576 orbem

247 2594 379 2659 Saecula
399 2594 556 2659 fertilibus
578 2594 674 2658 Titan
696 2593 874 2658 decurreret
893 2594 1000 2677 horis,

245 2677 305 2743 Ille
325 2700 383 2762 per
403 2679 531 2763 ignotas
553 2678 654 2742 audax
675 2679 825 2742 erraverit
845 2678 954 2761 urbes,

245 2761 315 2837 Qua
335 2763 433 2826 maris
455 2763 604 2826 extremis
624 2761 719 2827 tellus
740 2761 911 2827 includitur
931 2760 1035 2825 undis.

244 2843 330 2909 Nam
344 2843 560 2928 Ciconumque
580 2867 693 2908 manus
715 2845 854 2909 adversis
874 2844 1013 2928 reppulit
1034 2845 1139 2929 armis,

196 2941 229 2992 55
244 2927 313 2993 Nec
334 2928 435 2992 valuit
455 2929 539 2992 lotos
561 2947 617 2991 coe
640 2930 691 2991 tos
713 2930 853 2992 avertere
875 2948 998 3008 cursus,

245 3011 350 3078 Cessit
371 3015 404 3076 et
424 3011 585 3076 Aetnaeae
638 3011 786 3095 eptunius
808 3010 913 3074 incola
932 3011 1021 3094 rupis

244 3097 341 3162 Victa
361 3095 514 3161 Maroneo
536 3094 682 3160 foedatus
704 3096 825 3160 lumina
845 3093 988 3159 Baccho:

245 3181 342 3246 Vexit
363 3184 396 3245 et
415 3180 547 3245 Aeolios
568 3179 727 3264 placidum
748 3201 805 3263 per
825 3177 930 3243 Nerea
951 3182 1079 3245 ventos:

245 3266 387 3330 incultos
410 3265 490 3329 adiit
510 3263 589 3328 Laes
641 3285 743 3348 gonas
764 3262 1042 3347 Antiphatenque,

197 3362 231 3412 oo
244 3348 370 3413 Nobilis
392 3349 521 3414 Artacie
542 3348 607 3434 geli
629 3369 648 3410 a
669 3369 748 3430 quos
769 3347 888 3431 inrigat
909 3346 1008 3411 unda:

245 3433 354 3497 Solum
375 3455 435 3498 nec
457 3434 567 3497 doctae
589 3434 750 3496 verterunt
771 3431 886 3515 pocula
907 3431 1030 3513 Circes,

246 3515 395 3592 Quamvis
416 3517 473 3582 illa
493 3517 577 3582 foret
597 3515 681 3581 Solis
703 3537 820 3601 genus,
841 3518 916 3599 apta
937 3515 988 3579 vel
1008 3511 1115 3576 herbis
