2558 4094
157 252 199 318 48
566 255 710 313 'l'IBVLLI
1078 253 1111 323 [L

222 418 284 484 Seu
306 419 348 484 sit
369 439 448 503 opus
470 418 657 502 quadratum
672 418 755 483 acies
770 416 923 482 consistat
937 416 972 480 in
987 437 1112 502 agmon.

220 503 339 567 Rectus
360 506 396 567 ut
417 504 558 587 aequatis
580 503 724 567 decurrat
744 502 903 566 frontibus
925 501 1002 566 ordo
1008 550 1017 583 ,

221 586 283 652 Seu
304 586 402 651 libeat
423 587 582 671 duplicem
604 586 770 651 seiunctim
792 606 918 650 cernere
940 585 1090 669 Martem,

221 669 340 735 Dexter
360 671 408 734 uti
429 672 553 735 laevum
573 674 680 735 teneat
701 670 907 752 dextrumque
929 670 1057 734 sinister

160 767 207 817 100
218 753 311 820 Miles
334 755 437 838 sitque
459 754 574 902 duplex
594 755 715 840 gemini
735 754 868 818 victoria
889 774 988 818 casus.

262 838 308 902 At
327 859 395 903 non
414 859 472 923 per
514 839 603 903 ubias
625 841 732 903 errant
744 859 816 901 mea
834 838 974 902 carmina
987 836 1111 902 laudes:

219 921 304 988 Nam
325 923 417 986 bellis
440 926 568 1007 experta
590 943 678 987 cano.
710 923 801 987 testis
822 921 902 986 mihi
922 922 1024 987 victae

222 1006 328 1070 Fortis
349 1004 498 1090 Iapydiae
519 1007 627 1091 miles,
648 1007 740 1071 testis
761 1027 885 1103 quoque
906 1006 1003 1070 fallax

220 1089 405 1154 Pannonius
411 1138 420 1173 ,
442 1091 563 1175 gelidas
584 1091 703 1175 passim
725 1090 873 1154 dierectus
894 1090 930 1154 in
950 1091 1050 1174 Alpes

160 1186 208 1238 110
220 1173 324 1239 Testis
345 1174 498 1258 Arupinis
521 1178 553 1239 et
573 1196 692 1259 pauper
711 1178 805 1238 natus
826 1174 861 1237 in
883 1173 981 1258 arvis,

220 1257 322 1333 Quem
343 1257 441 1341 siquis
463 1259 569 1323 videat
588 1262 679 1323 vetus
702 1261 825 1323 utnon
845 1258 875 1321 fr
917 1258 977 1321 erit
998 1261 1098 1341 aetas,

221 1340 325 1405 Tema
345 1343 449 1406 minus
470 1341 579 1426 Pyliae
600 1343 731 1407 miretur
752 1342 876 1406 saecula
912 1362 1009 1407 arnae.

224 1423 360 1490 Centum
381 1425 533 1490 fecundos
556 1426 651 1490 TItan
671 1425 870 1491 renovaverit
890 1446 1006 1509 annos,

222 1507 296 1592 Ipse
317 1512 426 1572 tamen
446 1510 539 1573 velox
560 1510 693 1574 celerem
714 1531 809 1593 super
830 1509 921 1574 edere
943 1530 1057 1594 corpus

159 1604 206 1655 110
221 1591 345 1656 Gaudet
360 1614 475 1676 equum
486 1593 660 1678 validisque
676 1595 764 1658 sedet
776 1593 956 1658 moderator
969 1592 1112 1659 habenis.
1134 1605 1166 1679 l«

220 1675 265 1740 'Ie
287 1677 365 1741 duce
386 1699 453 1741 non
474 1677 552 1742 11111
574 1699 743 1743 conversus
763 1681 854 1764 terga
875 1677 1023 1742 domante
1034 1644 1188 1761 dewffl

222 1758 336 1825 Libera
357 1760 519 1826 Romanae
541 1763 675 1828 subiecit
696 1763 777 1828 colla
799 1765 937 1827 catenae.

262 1844 332 1909 Nec
353 1847 461 1910 tamen
482 1845 532 1910 his
550 1850 718 1912 contentus
740 1848 816 1911 eris:
837 1847 958 1911 maiora
977 1847 1113 1930 peractis

220 1927 360 2012 Instant,
383 1933 611 2013 compertumst
630 1931 792 1996 veracibus
813 1934 850 1995 ut
869 1930 949 1994 mihi
970 1931 1086 2014 signis,

160 2022 208 2072 100
220 2011 297 2086 Quis
318 2013 552 2096 Amythaonius
573 2017 709 2098 nequeat
730 2017 848 2078 certare
870 2013 1056 2097 Melampus.

219 2094 304 2160 Nam
324 2097 419 2160 modo
441 2097 616 2181 fulgentem
638 2097 734 2180 Tyrio
757 2097 955 2181 subtegmine
976 2099 1096 2161 vestem

220 2177 371 2243 Indueras
393 2181 514 2244 oriente
538 2180 588 2245 die
611 2180 688 2244 duce
710 2181 823 2244 fertilis
844 2181 936 2264 anni,

221 2262 422 2346 splendidior
443 2263 572 2346 liquidis
594 2285 664 2328 cum
687 2263 742 2328 Sol
764 2267 859 2348 caput
886 2265 999 2329 extth
1019 2265 1113 2330 undis

220 2346 265 2410 Et
285 2347 352 2411 fera
374 2347 534 2412 discordes
554 2351 725 2413 tenuerunt
745 2348 873 2412 flamina
894 2351 994 2433 venti,

160 2443 207 2492 115
220 2429 323 2496 Curva
344 2452 404 2496 100
425 2431 572 2497 adsuetos
594 2436 729 2517 egenmt
748 2433 879 2497 flumina
900 2455 1024 2517 cursus,

221 2514 306 2590 Quin
326 2515 470 2580 rabidum
491 2517 623 2600 placidis
639 2517 734 2581 etiam
750 2539 837 2582 mare
852 2518 996 2582 constitit
1009 2517 1112 2599 undis,

220 2598 318 2663 Nulla
337 2621 397 2664 nec
419 2600 518 2665 aerias
539 2602 676 2666 volucris
697 2602 871 2686 perlabitur
895 2623 986 2665 auras

219 2682 288 2748 Nec
330 2684 486 2768 uadrupes
508 2685 621 2750 densas
643 2685 822 2769 depascitur
843 2707 954 2770 aspera
975 2684 1084 2763 silvas,

221 2705 441 2851 anlmgita
461 2770 524 2832 tuis
547 2771 612 2832 sint
631 2773 720 2834 muta
741 2770 868 2834 silentia
887 2769 979 2833 votis.

159 2861 207 2912 130
218 2848 362 2932 Iuppiter
382 2853 451 2933 ipse
472 2853 535 2915 levi
555 2854 663 2916 vectus
684 2875 741 2949 per
761 2854 869 2917 inania
890 2873 982 2918 curru

220 2933 334 2997 Adfuit
355 2937 387 2997 et
409 2934 494 2998 caelo
516 2935 656 3000 vicinum
676 2935 770 3019 hquit
791 2935 961 3020 Olympum

219 3017 409 3100 Intentaque
430 3017 494 3082 tuis
514 3020 660 3102 precibus
683 3041 716 3084 10
736 3019 882 3104 praebuit
903 3042 976 3084 aure

222 3102 403 3186 Cunctaque
424 3104 528 3167 veraci
551 3104 652 3187 capite
674 3103 802 3168 adnuit:
825 3103 950 3168 additus
972 3106 1035 3169 aris

221 3185 348 3251 Laetior
369 3188 468 3251 eluxit
489 3191 625 3252 structos
647 3209 741 3271 super
761 3189 846 3273 ignis
868 3209 1005 3254 acervos,

160 3282 207 3331 100
261 3269 345 3346 Quin
365 3270 513 3336 hortante
536 3272 593 3336 deo
615 3273 741 3357 magnis
762 3273 907 3338 insistere
928 3273 1022 3338 rebus

220 3353 344 3438 Incipe:
366 3376 433 3420 non
453 3356 537 3421 idem
558 3356 617 3420 tibi
640 3357 704 3420 sint
725 3357 857 3442 aliisque
878 3356 1040 3441 triumphi.

220 3438 296 3502 Non
316 3441 349 3503 te
369 3440 474 3504 vicino
495 3440 704 3505 remorabitur
726 3443 819 3507 obvia
839 3442 940 3507 Marte

222 3521 325 3586 Gallia
345 3545 404 3589 nec
426 3524 498 3589 latis
521 3525 621 3589 audax
641 3523 797 3612 Hispania
817 3528 910 3591 terris
