2558 4094
156 329 201 399 ιιι
557 329 664 384 crena
685 327 707 384 L
1077 321 1118 387 23

155 491 283 557 Interea
304 490 371 555 Pax
392 512 468 554 arva
490 490 584 555 colat.
614 489 682 554 Pax
703 489 837 556 candida
857 493 994 575 primum
1085 500 1118 550 45

198 575 299 640 Duxit
320 597 374 638 ara
374 577 463 639 turos
486 575 575 640 sub
565 595 642 659 1uga
663 574 770 658 panda
791 514 903 657 boves,

155 659 222 725 Pax
243 659 323 724 aluit
343 659 423 723 vites
446 661 478 724 et
500 679 592 723 sucos
615 659 758 724 condidit
777 681 871 743 uvae,

199 743 417 808 Fimderett
380 746 417 807 ut
437 745 514 808 nato
535 745 619 807 testa
639 745 773 826 paterna
794 764 932 841 merum.

158 827 240 893 Pace
261 827 374 891 bidens
396 849 565 911 vomerque
586 828 712 912 vigent,
735 830 768 891 at
788 828 862 892 trist
862 828 894 891 ia
848 827 985 893 tduri

198 911 344 977 Militis
334 933 369 974 m
390 912 529 976 tenebris
552 917 686 994 occupat
707 933 796 976 arma
817 913 906 976 situs.
1085 924 1120 973 co

501 1038 519 1077 8
749 1039 767 1076 *

625 1085 643 1123 a

157 1165 306 1232 Rusticus
328 1185 346 1229 e
367 1165 502 1248 lucoque
524 1163 626 1246 vehit,
597 1165 732 1262 tmale
755 1164 911 1228 sobrius
901 1185 985 1248 1pse‚

199 1248 339 1313 onrem
360 1249 503 1333 plaustro
525 1248 775 1346 progeniemque
797 1247 935 1313 domurn.

157 1333 221 1400 Sed
235 1331 370 1397 Veneris
390 1337 468 1397 tunc
489 1333 574 1397 bella
591 1333 709 1414 calent,
732 1333 909 1416 scissosque
925 1332 1056 1417 capillos

199 1417 333 1482 Femina
353 1417 528 1501 perfractas
551 1417 815 1515 conqueriturque
836 1416 936 1482 fores:

157 1503 230 1567 Flet
250 1504 376 1566 teneras
399 1501 530 1566 subtusa
551 1522 666 1586 genae,
689 1501 744 1566 sed
765 1501 868 1566 victor
889 1501 1010 1586 etipse
1086 1511 1120 1561 oo

201 1586 275 1651 Flet
296 1584 359 1650 sibi
381 1584 542 1650 dementes
564 1589 630 1649 tam
651 1550 788 1650 valuisse
809 1607 932 1651 manus.

158 1672 204 1735 At
225 1671 362 1735 lascivus
384 1670 532 1734 Amor
505 1691 593 1734 rixae
614 1670 700 1733 mala
720 1670 817 1734 verba
837 1670 1014 1752 ministrat,

199 1754 288 1819 Inter
310 1757 342 1817 et
363 1753 480 1817 iratum
502 1755 665 1818 lentust
629 1758 665 1817 ut
666 1775 797 1850 rumque
820 1753 918 1822 sedet

159 1838 311 1922 A,1ap1s
334 1838 382 1901 est
395 1838 590 1920 ferrumque,
613 1859 701 1901 suam
716 1837 905 1920 quicumque
918 1836 1057 1921 puellam

196 1888 370 1987 Verberat:
393 1922 519 1986 ccaelo
542 1921 658 2005 deripit
643 1921 733 1985 tille
755 1920 840 1986 deos
1087 1933 1122 1982 oo

158 2008 208 2074 Sit
193 2007 305 2071 tsatis
328 2028 345 2070 e
366 2006 552 2070 membrist
537 2008 665 2070 tenuem
686 2005 865 2070 rescindere
886 2009 1022 2089 vestem,

201 2091 250 2157 Sit
272 2092 351 2155 satis
373 2094 466 2154 ornat
466 2112 504 2154 us
453 2089 710 2187 tdissoluisse
733 2110 855 2173 comae,

159 2175 208 2242 Sit
194 2175 374 2240 tlacrimas
396 2174 533 2239 movisse
555 2176 605 2238 sat
605 2174 647 2238 is.
691 2176 781 2238 uater
801 2174 856 2238 ille
877 2176 988 2239 beatus

202 2258 271 2335 Quo
292 2262 402 2323 tenera
422 2259 503 2324 irato
525 2259 600 2323 flere
621 2195 732 2342 puilia
747 2260 864 2342 potest

161 2343 223 2408 sed
238 2343 385 2407 manibus
400 2342 455 2427 qui
471 2364 581 2407 saevus
596 2343 671 2425 erit,
693 2348 880 2425 scutumque
894 2342 1066 2427 sudemque
1088 2353 1121 2404 ot

201 2426 233 2491 Is
254 2429 399 2511 geratet
366 2426 563 2491 etmihit
520 2430 563 2491 s1t
583 2426 710 2523 procul
717 2449 736 2490 a
756 2424 889 2490 Venere.

162 2512 206 2577 At
226 2511 334 2591 nobis,
356 2509 425 2574 Pax
446 2511 544 2607 alma,
566 2510 640 2573 veni
663 2510 844 2593 spicamque
865 2512 988 2593 teneto,

203 2593 395 2662 Perfluat
363 2616 379 2658 e
411 2594 516 2678 pomis
538 2593 691 2658 candidus
714 2596 787 2658 ante
810 2594 908 2659 sinus.

928 2758 978 2845 tf
998 2760 1025 2834 ‘i
