2558 4094
221 246 266 312 34
1133 247 1185 322 [V.

288 412 372 478 Nam
393 413 479 477 ferus
501 413 555 476 ille
577 434 651 478 suae
672 413 812 498 plorabit
832 413 955 478 sobrius
976 411 1061 477 idem

327 497 372 562 Et
392 518 426 561 se
447 497 564 562 iurabit
584 501 690 562 mente
711 497 809 561 fuisse
830 497 922 562 mala.

225 595 273 644 105
285 581 367 646 Pace
388 585 443 644 tua
463 584 596 665 pereant
616 603 705 645 arcus
726 585 917 679 pereantque
939 582 1089 667 sagittae,

328 665 472 748 Phoebe,
494 665 589 729 modo
611 665 647 729 in
667 669 759 730 tems
782 669 864 730 erret
884 667 1014 730 inermis
1036 666 1154 730 Amor.v

286 750 349 814 Ass
364 749 465 813 bona:
488 750 542 813 sed
556 752 726 833 postquam
740 751 875 833 sumpsit
889 750 950 814 sibi
966 750 1031 814 tela
1045 749 1182 832 Cupido,

327 832 400 898 Heu
420 832 484 897 heu
506 854 600 916 quam
620 833 728 897 multis
750 855 801 897 ars
823 833 910 898 dedit
930 834 987 897 illa
1007 834 1159 915 malum!¹

287 917 332 983 Et
352 916 432 981 mihi
452 917 630 1000 praecipue.
662 917 750 983 iaceo
772 939 844 983 cum
865 919 990 982 saucius
1012 939 1130 982 annum

227 1014 277 1065 no
329 1001 373 1065 Et
393 1001 484 1065 faveo
507 1001 634 1084 morbo,
657 1022 729 1066 cum
751 1002 839 1066 iuvat
858 1003 927 1085 ipse
948 1001 1053 1084 dolor,

288 1084 334 1150 Vs
357 1107 396 1149 ue
410 1104 490 1149 cano
505 1083 683 1168 Nemesim,
699 1086 768 1150 sine
783 1107 845 1169 qua
858 1107 966 1150 versus
980 1085 1060 1150 mihi
1073 1085 1183 1149 nullus

328 1107 435 1234 larba
456 1171 563 1251 potest
583 1170 683 1233 iustos
705 1172 759 1233 aut
779 1171 916 1253 reperire
937 1169 1042 1252 pedes.

287 1255 333 1318 At
352 1256 388 1317 tu
411 1255 500 1338 (nam
522 1251 628 1316 divum
649 1256 755 1317 servat
774 1254 874 1317 tutela
893 1255 1033 1337 poetas),

330 1337 541 1418 Praemoneo,
565 1337 629 1400 vati
650 1357 758 1419 parce,
780 1336 900 1420 puella,
924 1357 1026 1408 sacro,

228 1434 276 1484 11⁶
289 1420 335 1485 Vt
355 1419 562 1484 Messalinum
583 1420 753 1503 celebrem,
775 1441 847 1484 cum
867 1420 1006 1503 praemia
1026 1419 1103 1485 belli

329 1505 414 1568 Ante
436 1524 510 1567 suos
534 1524 641 1567 currus
664 1504 782 1587 oppida
802 1504 887 1567 victa
908 1503 1004 1587 feret,

286 1588 360 1673 Ipse
381 1608 495 1674 gerens
518 1588 639 1651 lauros:
662 1588 749 1652 lauro
772 1587 935 1652 devinctus
957 1588 1076 1673 agresti

328 1672 422 1737 Miles
445 1671 511 1736 ‘io'
534 1693 651 1755 magna
671 1692 748 1736 voce
771 1672 964 1756 ‘triumphe'
987 1677 1088 1738 canet.

288 1757 370 1821 Tum
390 1756 541 1820 Messalla
561 1778 650 1820 meus
671 1757 724 1839 pia
745 1756 799 1822 det
820 1758 1000 1840 spectacula
1020 1759 1134 1822 turbae

232 1854 281 1903 tao
333 1841 377 1905 Et
399 1842 529 1925 plaudat
550 1861 643 1904 curru
663 1843 882 1924 praetereunte
904 1844 1001 1924 pater.

287 1925 416 1990 Adnuer
439 1925 485 1989 sic
505 1925 567 1989 tibi
588 1924 653 1988 sint
673 1925 808 2008 intonsi,
831 1925 972 2007 Phoebe,
996 1925 1117 2007 capilli,

331 2007 384 2072 Sic
404 2010 459 2070 tua
479 2010 632 2091 perpetuo
656 2009 699 2070 sit
718 2009 778 2072 tibi
801 2012 887 2072 casta
908 2029 1006 2072 soror.
1077 2090 1079 2094 y

670 2160 721 2232 VI

290 2258 403 2325 Castra
424 2257 530 2322 Macer
558 2258 712 2341 sequitur:
739 2262 849 2324 tenero
872 2260 947 2344 quid
968 2261 1024 2325 fiet
1044 2261 1181 2326 Amori?

331 2342 381 2407 Sit
402 2363 507 2407 comes
530 2344 562 2406 et
583 2343 665 2407 collo
687 2342 813 2409 fortiter
834 2366 921 2409 arma
941 2346 1053 2430 gerat?

289 2426 334 2493 Et
355 2449 411 2491 seu
431 2428 529 2511 longa
550 2427 651 2490 virum
672 2431 773 2493 terrae
796 2429 846 2493 via
868 2452 924 2494 seu
945 2451 1027 2514 vaga
1048 2428 1163 2494 ducent

332 2511 495 2594 Aequora,
518 2531 589 2576 cum
610 2511 683 2576 telis
705 2512 744 2577 ad
766 2514 848 2577 latus
870 2514 916 2578 ire
936 2513 1043 2578 volet?

257 2595 367 2678 uVre,
389 2617 481 2680 puer,
504 2616 635 2680 quaeso,
657 2599 713 2660 tua
734 2598 788 2680 qui
808 2598 895 2662 ferus
917 2599 982 2662 otia
1003 2596 1112 2679 liquit,

330 2680 436 2763 Atque
457 2681 572 2744 itemm
594 2701 738 2744 erronem
759 2682 817 2745 sub
839 2684 895 2744 tua
916 2683 1008 2765 signa
1029 2700 1116 2743 voca.

289 2762 381 2839 Quod
403 2764 430 2828 si
451 2762 603 2827 militibus
625 2786 751 2847 parces,
774 2765 834 2829 erit
853 2764 906 2830 hic
928 2784 1051 2848 quoque
1071 2763 1181 2847 miles,

330 2845 403 2929 Ipse
425 2847 525 2910 levem
546 2848 638 2930 galea
659 2848 713 2929 qui
735 2849 796 2912 sibi
816 2851 923 2932 portet
943 2869 1064 2931 aquam.

289 2929 401 2996 Castra
422 2933 512 3012 peto,
534 2929 698 3012 valeatque
711 2929 821 2995 Venus
836 2931 1021 3014 valeantque
1042 2932 1180 3014 puellae:

243 3027 276 3078 10
330 3013 375 3078 Et
394 3012 473 3077 mihi
494 3015 568 3077 sunt
588 3013 685 3096 vires,
708 3015 837 3078 etmihi
859 3014 944 3079 facta
964 3016 1081 3079 tubast.

288 3098 323 3163 M
388 3119 407 3162 a
427 3098 556 3180 loquor,
580 3098 634 3162 sed
656 3098 822 3182 magnifice
844 3098 923 3162 mihi
936 3121 1053 3185 magna
1073 3100 1180 3164 locuto

360 3182 504 3246 xcutiunt
526 3181 648 3246 clausae
669 3182 766 3246 fortia
787 3183 883 3247 verba
903 3184 997 3248 fores.

290 3266 395 3333 Iuravi
437 3266 563 3330 uotiens
584 3266 758 3331 rediturum
779 3266 819 3331 ad
840 3268 951 3332 limina
971 3268 1158 3353 numquam!

332 3350 412 3416 Oum
456 3371 513 3414 ene
534 3350 648 3433 iuravi,
671 3372 727 3435 pes
748 3354 854 3417 tamen
875 3352 943 3436 ipse
964 3353 1054 3418 redit.

245 3447 274 3497 to
288 3436 371 3499 Acer
392 3436 506 3517 Amor,
528 3434 644 3499 fractas
665 3436 786 3500 utinam
808 3440 862 3501 tna
882 3438 946 3501 tela
968 3437 1116 3522 sagittas,

331 3519 366 3586 si
387 3519 474 3601 licet,
498 3519 651 3584 extinctas
673 3521 885 3606 aspiciamque
906 3521 1006 3586 facesl
