2558 4094
156 343 257 412 vnn]
556 341 664 396 LIBER
685 339 708 399 I.
1079 331 1119 397 19

158 505 218 571 Vel
240 503 505 588 compromittit,
528 504 634 568 subito
656 503 712 568 sed
733 501 853 587 perfida
873 501 973 584 fallit,

198 589 260 653 Est
280 588 359 652 mihi
380 610 443 652 nox
464 588 574 652 multis
596 587 778 672 evigilanda
799 586 902 650 malis.

156 673 242 738 Dum
263 672 344 736 mihi
364 674 529 736 sentinam
544 672 648 756 fingo,
671 671 890 755 quodcumque
904 672 1063 752 movetur,
1086 681 1118 730 oo

199 756 290 821 Illius
314 757 407 820 oredo
429 759 506 820 tunc
528 756 670 820 sonuisse
691 754 827 840 pedem'

161 842 304 908 Desistas
326 841 506 924 lacrimare,
550 861 621 904 uer:
644 861 711 903 non
731 840 891 924 frangitur
912 838 982 919 illa,

198 925 243 991 Et
263 929 318 989 tua
338 925 403 988 iam
424 924 501 988 fletu
522 862 644 988 iimina
664 925 751 988 fessa
771 927 904 987 tument.

159 1009 320 1091 Oderunt,
342 1007 478 1091 Pholoe,
500 1029 615 1072 moneo
621 1057 630 1090 ,
653 1007 783 1072 fastidia
804 1008 883 1089 divi,

199 1093 269 1158 Nec
290 1092 420 1176 prodest
443 1092 561 1156 sanctis
582 1095 655 1155 tura
677 1091 800 1156 dedisse
822 1093 911 1156 focis.
1086 1101 1118 1150 so

158 1177 220 1242 Hic
234 1176 399 1241 Marathus
421 1176 581 1259 quondam
595 1177 729 1241 miseros
751 1175 881 1240 ludebat
899 1176 1055 1257 amantes,

199 1261 334 1327 Nescius
355 1262 492 1325 ultorem
513 1262 588 1344 post
609 1262 705 1344 caput
727 1281 795 1325 esse
817 1261 926 1324 deum:

158 1345 259 1428 Saepe
281 1345 376 1409 etiam
398 1345 537 1410 lacrimis
559 1344 660 1409 fertur
680 1344 788 1409 risisse
810 1343 948 1408 dolentis

200 1429 244 1492 Et
265 1428 415 1513 cupidum
436 1431 512 1493 ficta
533 1429 707 1493 detinuisse
729 1450 833 1493 mora:

157 1514 253 1579 Nunc
275 1533 384 1577 omnes
407 1514 475 1577 odit
495 1514 613 1597 festus,
635 1534 720 1578 nunc
743 1513 889 1597 displicet
910 1513 957 1576 illi
1086 1519 1120 1572 'lo

201 1597 421 1680 Quaecumque
444 1599 624 1682 oppositast
645 1598 741 1662 ianua
762 1597 840 1662 dura
861 1618 940 1661 sera.

76 1757 77 1760 Ἴ
161 1685 257 1746 Atto
278 1703 382 1764 poena
403 1685 520 1746 manet.
553 1683 589 1746 ni
611 1682 728 1746 desinis
752 1703 820 1745 esse
842 1681 993 1764 superba,

202 1765 305 1842 Quam
327 1765 434 1848 cupies
456 1766 539 1830 votis
560 1765 645 1830 hunc
666 1786 815 1829 revocare
838 1764 937 1829 diem!

584 1978 698 2051 VIIII.

160 2103 243 2180 Quid
264 2102 359 2186 mihi,
382 2103 411 2166 si
432 2102 536 2166 fueras
557 2102 690 2166 miseros
713 2103 853 2166 laesurus
875 2123 1015 2187 amores,

200 2187 342 2251 Foedera
362 2208 419 2271 per
442 2186 547 2270 divos,
570 2187 651 2250 clam
672 2185 834 2269 violanda,
857 2186 978 2251 dabas?

160 2272 191 2335 A
212 2272 324 2353 miser,
348 2274 380 2334 et
401 2271 499 2353 siquis
520 2272 623 2354 primo
645 2270 783 2354 periuria
805 2271 901 2350 celat,

202 2354 293 2437 Sera,
315 2358 423 2418 tamen
444 2355 550 2418 tacitis
571 2354 680 2419 Poena
700 2356 789 2419 venit
809 2354 951 2438 pedibus.

158 2439 298 2521 Parcite,
321 2439 486 2502 caelestes:
509 2442 675 2521 aequumst
696 2440 815 2522 inpune
837 2439 932 2502 licere
1102 2449 1120 2500 ο

203 2523 346 2589 Numina
367 2522 516 2586 formosis
537 2522 661 2586 laedere
682 2525 787 2587 vestra
811 2523 918 2587 semel.

165 2607 265 2676 Lucra
285 2609 398 2691 petens
418 2605 518 2670 habili
539 2610 646 2670 tauros
669 2607 816 2691 adiungit
836 2610 942 2670 aratro

201 2692 246 2757 Et
268 2691 380 2755 durum
401 2694 504 2755 terrae
526 2691 663 2755 rusticus
684 2694 777 2775 urget
799 2712 892 2775 opus,

162 2776 261 2845 Lucra
281 2776 435 2860 petituras
457 2777 539 2839 freta
560 2796 617 2860 per
638 2775 781 2859 parentia
801 2776 905 2840 ventis

203 2860 334 2925 Ducunt
355 2861 521 2926 instabiles
543 2860 646 2924 sidera
668 2863 754 2925 certa
774 2864 873 2925 rates:
1088 2873 1120 2921 10

160 2945 346 3010 Muneribus
367 2967 456 3010 meus
478 2947 528 3010 est
548 2948 657 3026 captus
678 2967 766 3029 puer.
801 2950 835 3010 at
856 2945 932 3010 deus
954 2947 1010 3010 illa

202 3028 242 3092 In
263 3030 401 3094 cinerem
424 3033 456 3094 et
477 3030 613 3114 liquidas
634 3053 766 3095 munera
786 3032 889 3095 vertat
910 3053 1016 3114 aquas.

160 3112 228 3177 Iam
250 3113 329 3177 mihi
350 3115 511 3197 persolvet
530 3136 667 3199 poenas,
690 3115 855 3199 pulvisque
877 3116 1022 3179 decorem

202 3196 358 3262 Detrahet
378 3202 411 3262 et
431 3200 534 3264 ventis
555 3198 685 3263 horrida
705 3198 790 3262 facta
812 3220 918 3280 corna,

159 3279 278 3345 Vretur
298 3281 413 3364 facies,
436 3287 567 3348 urentur
589 3284 656 3347 sole
679 3283 801 3366 capilli,
1089 3293 1118 3342 15

202 3364 337 3429 Deteret
357 3365 513 3432 invalidos
536 3371 568 3430 et
588 3368 641 3431 via
662 3368 761 3452 longa
781 3368 887 3452 pedes·

161 3449 323 3515 Admonui
345 3452 492 3533 quotiens
515 3459 609 3517 ‘auro
631 3473 673 3516 ne
694 3451 801 3535 pollue
822 3452 973 3516 formamr

203 3535 305 3618 Saepe
328 3534 434 3599 solent
454 3557 531 3600 auro
553 3537 654 3600 multa
675 3535 804 3600 subesse
825 3536 917 3600 mala.

162 3617 289 3685 Divitiis
312 3622 422 3703 eaptus
444 3620 542 3704 siquis
563 3620 695 3685 violavit
716 3640 871 3704 amorem,

933 3723 969 3771 2¹1
