2558 4094
210 394 232 459 6
1122 398 1168 472 [1L

224 575 257 624 95
271 561 366 626 Hunc
387 583 480 646 puer,
507 559 593 626 hunc
613 561 735 626 iuvenis
757 561 850 625 turba
871 560 1064 626 circumterit
1085 563 1167 645 anta,

315 645 380 710 Des
403 646 451 709 uit
472 646 506 709 in
526 646 639 709 molles
662 647 694 709 et
715 644 776 708 sibi
798 646 929 729 quisque
951 646 1048 710 sinus.

272 731 319 794 At
374 730 381 743 '
409 730 415 743 '
438 750 547 814 parce,
570 729 695 795 Venus:
718 750 842 812 semper
862 729 922 794 tibi
944 729 1050 794 dedita
1072 729 1169 794 servit

315 813 407 878 Mens
429 835 515 878 mea:
538 813 614 897 quid
635 833 753 878 messes
776 814 841 877 uris
863 813 976 879 acerba
997 813 1090 879 tuas?

653 1028 716 1102 HI.

272 1150 365 1217 Ibitis
386 1153 531 1237 Aegaeas
553 1151 622 1216 sine
642 1174 708 1230 me,
730 1152 896 1235 Messalla,
917 1173 974 1236 per
994 1151 1111 1234 undas,

315 1235 342 1301 0
364 1237 487 1300 utinam
508 1257 664 1301 memores
686 1237 754 1319 ipse
777 1236 952 1320 cohorsque
973 1238 1051 1300 mei:

271 1320 325 1385 Me
346 1323 435 1384 tenet
454 1320 574 1405 ignotis
596 1341 727 1405 aegrum
748 1320 905 1385 Phaeacia
925 1321 1033 1385 terrisz

314 1404 485 1468 Abstineas
507 1404 628 1486 addua,
650 1403 738 1469 Mors
759 1426 872 1488 precor
892 1407 974 1488 atra,
998 1425 1119 1468 manus.

240 1501 257 1550 5
272 1489 459 1571 Abstineas,
474 1487 563 1552 Mors
578 1491 662 1570 atra,
677 1509 805 1572 precor:
825 1510 892 1552 non
906 1488 959 1552 hic
973 1487 1053 1552 mihi
1066 1490 1167 1552 mater

315 1572 402 1646 Quae
423 1573 510 1657 legat
531 1574 565 1635 in
585 1576 722 1636 maestos
744 1594 816 1636 ossa
836 1575 965 1656 perusta
987 1573 1090 1655 sinus,

272 1656 349 1722 Non
371 1677 474 1739 soror,
497 1656 645 1739 Assyrios
669 1657 767 1720 cineri
788 1678 868 1741 quae
891 1657 985 1721 dedat
1006 1655 1118 1721 odores

313 1740 358 1805 Et
377 1740 452 1804 fleat
474 1739 580 1804 effusis
602 1743 676 1805 ante
697 1741 841 1825 sepulcra
863 1741 976 1823 comis,

271 1823 365 1888 Delia
385 1846 453 1888 non
473 1846 621 1910 usquam3
644 1846 723 1909 quae
744 1847 795 1888 me
817 1846 912 1922 quarn
926 1826 1067 1889 mitteret
1080 1824 1166 1908 urbe,

226 1922 256 1971 ιο
313 1908 438 1973 Dicitur
459 1911 533 1972 ente
556 1930 665 1973 omnes
688 1910 883 1974 consulmsse
905 1909 991 1974 deos.

271 1991 334 2057 Illa
354 2014 460 2057 sacras
481 1993 571 2077 pueri
593 1997 694 2058 sortes
715 1996 765 2058 ter
786 1994 929 2058 sustulit:
951 1994 999 2057 illi

313 2076 449 2142 Rettulit
471 2099 488 2140 e
508 2077 601 2140 trinis
623 2078 730 2141 omina
752 2081 838 2141 certa
858 2099 945 2161 puer.
1162 2088 1164 2092 ’

272 2160 395 2226 Cuncta
416 2159 534 2224 dabant
554 2161 688 2225 reditusz
709 2165 818 2224 tamen
840 2164 889 2225 est
910 2161 1060 2226 deterrita
1076 2183 1166 2226 num·

813 2267 923 2329 quam,

315 2328 399 2404 Quin
419 2329 510 2393 fleret
530 2332 657 2394 nostras
678 2333 900 2413 respueretque
920 2331 999 2395 vias.

225 2425 256 2476 15
271 2411 344 2496 Ipse
367 2435 426 2497 ego
449 2414 581 2496 solator,
604 2435 676 2477 eum
697 2414 760 2477 iam
782 2414 934 2478 mandata
957 2414 1128 2497 dedissem,

315 2497 512 2572 Quaerebam
532 2497 638 2562 tardas
661 2499 772 2562 anxius
793 2519 892 2582 usque
913 2519 1028 2564 moras.

271 2582 339 2645 Aut
360 2603 420 2666 ego
443 2603 513 2646 sum
534 2585 679 2646 causatus
701 2604 774 2646 aves
797 2585 852 2646 aut
872 2584 979 2647 omina
1000 2583 1082 2665 dira,

314 2665 480 2731 Satumive
502 2688 624 2730 sacram
645 2688 696 2730 me
717 2668 857 2731 tenuisse
880 2666 972 2732 diem.

273 2749 299 2813 Ο
322 2750 466 2832 quotiens
489 2751 652 2836 ingressus
673 2752 733 2814 iter
754 2751 834 2814 mihi
854 2752 960 2814 tristia
981 2751 1047 2815 dixi

222 2846 255 2894 ἰο
312 2832 475 2897 Offensum
497 2835 531 2897 in
552 2838 645 2917 porta
666 2836 760 2919 signa
781 2835 904 2899 dedisse
926 2835 1054 2919 pedem!

270 2916 396 2981 Addeat
416 2917 517 2981 invito
538 2919 650 3001 nequis
673 2919 831 2982 discedere
852 2920 987 3001 Amore,

312 3002 379 3064 Aut
400 3001 480 3065 sciat
501 3023 662 3085 egressum
684 3023 718 3066 se
761 3002 928 3067 rohibente
950 3003 1018 3068 deo.

271 3083 355 3160 Quid
376 3086 433 3148 tua
445 3106 531 3148 nune
546 3084 606 3149 Isis
621 3025 760 3167 minat)
812 3168 816 3174 ¹

312 3168 373 3232 Illa
392 3171 448 3232 tua
469 3169 590 3240 totiens¹
608 3191 681 3233 aera
701 3171 829 3254 repulsa
849 3193 963 3255 manu,

222 3266 254 3313 us
270 3252 406 3335 Quidve,
428 3253 480 3336 pie
503 3252 577 3317 dum
599 3274 689 3317 sacra
710 3255 804 3337 colis,
826 3276 966 3339 pureque
987 3256 1085 3320 lavari

312 3337 357 3401 Te
380 3336 538 3423 (memini)
563 3339 594 3401 et
614 3359 694 3421 puro
717 3339 896 3404 secubuisse
917 3339 1012 3404 toro?

270 3420 375 3517 Nune,
391 3421 458 3503 dea,
480 3443 566 3485 nune
581 3442 727 3518 succurre
740 3421 820 3486 mihi
836 3422 923 3570 qpam
938 3445 1031 3522 posse
1046 3425 1163 3489 mederi

312 3504 402 3568 Prcta
424 3505 516 3570 docet
537 3506 664 3590 temphs
685 3508 788 3571 multa
808 3510 841 3570 ta
864 3509 926 3572 ella
946 3510 1038 3595 turs),
1124 3576 1128 3583 ,

762 3087 834 3169 elia,
850 3087 926 3170 quid
938 3087 1018 3151 mihi
1031 3090 1165 3172 prosunt

270 3586 316 3652 Vt
336 3609 407 3652 mea
428 3590 549 3653 votivas
571 3589 754 3674 persolvens
775 3589 868 3655 Delia
887 3614 981 3657 voces

223 3685 255 3734 30
311 3672 397 3735 Ante
420 3693 524 3736 sacras
546 3673 612 3738 lino
633 3676 719 3738 tecta
739 3675 824 3740 fores
845 3675 952 3741 sedeat
