2558 4094
289 237 330 302 14
686 241 831 310 TIBVLH
1190 242 1249 314 [VI.

394 404 483 470 Tunc
504 405 584 469 mihi
604 427 671 470 non
692 406 792 470 oculis
814 406 857 469 sit
877 405 1022 470 timuisse
1043 406 1132 469 meis.

303 503 336 553 33
351 489 434 566 Quid
454 493 564 555 tenera
577 490 638 554 tibi
652 490 787 574 coniuge
803 489 904 587 opus?
927 494 982 554 tua
1004 489 1031 552 si
1045 490 1131 554 bona
1145 490 1248 553 nescis

396 573 542 656 Servare,
563 575 682 638 frustra
704 573 801 638 clavis
821 576 906 638 mest
926 573 1059 638 foribus.

303 670 336 720 11
351 657 396 722 Te
417 660 520 741 tenet,
544 658 690 722 absentes
712 658 792 721 alios
814 657 952 755 suspirat
973 678 1097 722 amores

394 741 439 806 Et
460 743 587 806 simulat
609 742 714 806 subito
737 741 936 806 condolmsse
958 744 1062 826 caput.

351 826 398 890 At
418 827 498 890 mihi
519 826 706 890 servandam
728 825 852 890 credas:
874 847 941 891 non
962 847 1056 890 saeva
1076 848 1187 892 recuso

396 909 551 993 Verbera,
574 911 715 974 detrecto
736 931 803 974 non
824 931 885 995 ego
906 910 1012 974 vincla
1032 911 1157 994 pedum.

353 994 435 1059 Tum
455 995 567 1078 procul
589 994 714 1077 absitis,
737 994 877 1077 quisquis
897 994 978 1074 ,colis
1000 997 1068 1059 arte
1090 995 1235 1079 capillos,

304 1091 338 1141 40
392 1077 437 1142 Et
458 1079 528 1142 fluit
549 1079 648 1143 effuso
671 1079 721 1143 cui
742 1082 820 1163 toga
840 1078 913 1142 laxa
934 1078 1022 1142 sinu:

354 1162 503 1247 Quisquis
526 1165 558 1226 et
578 1165 736 1244 occurret,
758 1184 799 1226 ne
820 1163 923 1246 possit
945 1163 1065 1227 crimen
1086 1162 1218 1246 habere,

396 1247 446 1312 Sit
466 1247 591 1330 procul,
614 1249 669 1311 aut
690 1247 751 1310 alia
772 1249 836 1310 stet
856 1267 968 1329 precor
990 1249 1065 1311 ante
1086 1247 1146 1311 via.

354 1330 407 1396 Sic
428 1330 497 1395 fieri
518 1331 607 1394 iubet
626 1331 695 1415 ipse
717 1330 809 1413 deus,
832 1331 877 1394 sic
899 1352 1015 1414 magna
1037 1330 1184 1395 sacerdos

395 1414 456 1478 Est
477 1414 556 1478 mihi
578 1414 686 1478 divino
707 1413 881 1478 vaticinata
902 1436 997 1480 sono:

306 1511 339 1560 45
354 1498 443 1563 Haec
464 1499 519 1562 ubi
541 1498 695 1562 Bellonae
715 1501 876 1562 motusta
902 1499 993 1582 tata,
1015 1520 1074 1564 nec
1096 1521 1199 1563 aorem

398 1583 590 1666 Flammam,
612 1604 678 1647 non
699 1604 807 1647 amens
829 1605 884 1647 ver
907 1605 961 1648 era
982 1585 1067 1648 torta
1088 1585 1194 1648 timet:

355 1666 431 1751 Ipsa
452 1667 590 1751 bipenne
612 1689 685 1732 suos
707 1668 810 1732 caedit
830 1669 971 1732 violenta
992 1668 1128 1732 lacertos

400 1750 562 1836 Sanguine
585 1755 617 1816 et
638 1753 737 1816 effuso
760 1753 883 1836 spargit
903 1753 1006 1816 inulta
1028 1753 1157 1835 deam,-

356 1835 488 1919 Statque
509 1837 593 1901 latus
614 1837 753 1920 praefixa
773 1858 864 1917 veru,
887 1839 952 1900 stat
973 1838 1079 1901 saucia
1099 1840 1226 1921 pectus,

308 1931 341 1982 50
396 1920 441 1984 Et
462 1921 549 1985 canit
570 1924 715 2003 eventus,
739 1942 817 2004 quos
840 1921 898 1984 dea
919 1942 1037 2006 magna
1057 1923 1176 1985 monet.

356 2004 497 2069 ‘Parcite
503 2054 512 2087 ,
536 2027 630 2087 quam
652 2005 790 2069 custodit
809 2005 925 2086 Amor,
947 2004 1065 2068 violare
1086 2004 1240 2087 puellam,

398 2087 449 2153 Ne
470 2089 579 2173 pigeat
598 2109 716 2170 magno
738 2090 813 2171 post
837 2086 984 2151 didicisse
1005 2087 1100 2154 malo.

356 2172 528 2256 Attigeris,
551 2171 697 2234 labentur
718 2192 808 2254 opes,
832 2174 869 2234 ut
889 2171 1017 2235 volnere
1038 2174 1148 2236 nostro

400 2255 551 2352 Sanguis,
572 2256 609 2319 ut
629 2255 682 2318 hic
703 2255 807 2319 ventis
829 2255 1036 2338 diripiturque
1059 2256 1161 2320 cinis!

309 2352 342 2403 11
356 2339 401 2403 Et
421 2340 480 2403 tib1
500 2339 688 2423 nescioquas
711 2339 805 2422 dixit,
827 2360 897 2403 mea
919 2338 1025 2424 Delia,
1048 2362 1184 2424 poenas:

400 2423 435 2489 Si
455 2427 562 2488 tamen
584 2423 746 2508 admittas,
769 2424 812 2489 sit
832 2445 944 2507 precor
965 2424 1022 2488 illa
1042 2425 1131 2489 levis.

358 2508 435 2575 Non
457 2530 516 2594 ego
537 2512 570 2572 te
591 2513 722 2592 propter
742 2530 837 2592 parco
859 2509 933 2591 tibi,
957 2509 1013 2573 sed
1033 2512 1089 2572 tua
1110 2511 1210 2573 mater

399 2593 452 2657 Me
473 2596 581 2658 movet
602 2597 695 2676 atque
716 2593 779 2657 iras
801 2615 895 2657 aurea
915 2594 1016 2657 vincit
1037 2615 1126 2657 anus.

357 2676 446 2741 Haec
468 2677 547 2741 mihi
568 2680 600 2741 te
622 2677 750 2741 adducit
770 2678 909 2741 tenebris
930 2679 1094 2760 multoque
1115 2675 1229 2739 timore

310 2773 343 2822 co
400 2760 527 2826 Coniun
550 2762 576 2824 it
595 2766 723 2826 nostras
747 2761 829 2825 clam
849 2761 1007 2824 taciturna
1027 2781 1155 2842 manus,

358 2844 446 2909 Haec
467 2784 650 2927 foribusque
665 2847 774 2909 manet
786 2849 884 2909 noctu
897 2865 947 2907 me
965 2843 1067 2907 adfixa
1081 2843 1252 2926 proculque

403 2927 578 3013 Cognoscit
600 2929 750 3010 strepitus
771 2950 822 2991 me
844 2927 990 2991 veniente
1012 2926 1137 3010 pedum.

360 3011 440 3076 Vive
462 3012 516 3075 diu
537 3010 631 3094 mihi,
655 3011 754 3075 dulcis
777 3033 870 3076 anus:
892 3011 1039 3094 proprios
1062 3033 1122 3096 ego
1138 3014 1253 3095 tecum,

402 3096 451 3162 Sit
472 3095 566 3159 modo
589 3095 653 3177 fas,
676 3117 776 3159 annos
799 3095 1008 3159 contribuisse
1029 3096 1134 3161 velim.

310 3195 343 3244 oc
359 3182 403 3245 Te
425 3201 550 3265 semper
570 3182 741 3262 natamque
763 3183 850 3243 tuam
871 3183 903 3243 te
924 3183 1054 3263 propter
1075 3183 1203 3247 amabo:

402 3264 562 3349 Quidquid
583 3264 666 3348 agit,
691 3264 819 3346 sanguis
842 3266 1017 3329 esttamen
1039 3266 1094 3329 illa
1115 3269 1197 3330 tuus.

356 3351 410 3435 ,Sit
430 3350 524 3415 modo
548 3353 651 3431 casta,
673 3347 766 3430 doce,
789 3348 933 3431 quamvis
954 3370 1020 3413 non
1035 3351 1115 3414 vitta
1136 3351 1252 3434 ligatos

401 3434 559 3518 Impediat
581 3434 683 3498 crines
704 3454 763 3496 nec
786 3432 867 3496 stola
888 3434 986 3518 longa
1006 3435 1116 3518 pedes,

360 3518 404 3582 Et
424 3519 502 3582 mihi
525 3519 591 3582 sint
612 3518 707 3582 durae
729 3518 831 3602 leges,
854 3517 981 3583 laudare
1003 3540 1063 3584 nec
1084 3518 1181 3581 ullam
