2558 4094
194 273 238 339 20
605 275 748 332 TIBVLLI
1056 274 1156 345 [Vllll.

209 455 243 503 ao
298 439 515 524 Asperaquesl
536 438 585 502 illi
606 437 808 521 difficilisque
829 436 949 502 Venus.

259 523 323 589 Vre
344 545 449 588 meum
470 522 578 607 polius
599 522 727 586 flamma
748 525 843 605 capul
864 525 897 586 et
916 524 989 605 pete
1011 520 1097 586 ferro

301 607 347 674 Oo
387 630 424 672 us
446 611 479 672 el
498 607 619 671 intorto
642 607 771 671 verbere
793 609 885 691 terga
907 626 987 670 seca.

239 692 328 758 'Nec
349 693 375 756 ti
398 692 408 755 i
431 691 555 756 celandi
576 711 649 774 spes
672 691 714 754 sib
734 711 866 774 peccare
887 689 1030 773 paranti:

299 776 360 841 Est
381 776 472 858 deus,
495 775 637 840 occultos
660 775 714 858 qui
735 777 823 839 vetat
844 795 913 838 esse
935 774 1037 838 dolos.

209 875 242 924 25
257 860 331 945 Ipse
354 860 430 925 deus
452 859 550 923 lacibo
571 859 718 942 permisit
738 858 785 922 lin
830 880 849 922 a
869 858 1017 922 ministro

301 944 421 1009 Ederet
441 947 477 1007 ul
497 943 599 1008 multo
621 943 721 1007 libera
742 965 797 1007 ver
819 965 839 1007 a
860 964 963 1007 mero:

261 1029 335 1113 Ipse
357 1029 433 1093 deus
456 1048 568 1093 somno
591 1027 727 1092 domitos
750 1028 894 1092 emittere
915 1048 1026 1091 vocem

301 1112 399 1177 lussil
420 1115 452 1176 et
472 1112 590 1176 invitos
612 1113 698 1176 facta
718 1112 856 1196 degenda
876 1112 983 1194 loqui?

258 1196 346 1262 Haec
368 1218 427 1282 ego
450 1196 607 1261 dicebam:
629 1217 715 1260 nunc
737 1217 788 1260 me
810 1196 934 1260 flevisse
956 1196 1155 1279 loquentem,
1207 1206 1210 1213 '

210 1296 244 1344 80
299 1280 395 1346 Nunc
438 1280 515 1345 udet
536 1280 576 1344 ad
596 1283 723 1344 teneros
744 1279 950 1363 procubuisse
972 1278 1079 1362 pedes.

259 1365 350 1429 Tunc
371 1303 451 1428 mili
472 1365 599 1428 iurabas
621 1365 739 1428 nullius
761 1363 868 1427 divitis
890 1363 958 1426 auri

301 1448 462 1531 Pondere,
484 1469 552 1512 non
574 1449 722 1533 gemme,
745 1446 881 1512 vendere
902 1446 983 1511 velle
1004 1446 1114 1528 fidem,

259 1533 335 1599 Non
356 1532 415 1596 tibi
437 1533 465 1596 si
486 1532 624 1615 pretium
647 1531 823 1615 Campania
843 1535 928 1595 derra
949 1531 1090 1612 daretur,

300 1616 377 1682 Non
397 1616 457 1680 tibi
479 1617 508 1680 si
529 1615 647 1681 Bacchi
670 1638 746 1681 cura
766 1615 919 1680 Falernus
946 1637 1030 1700 ager.

210 1714 244 1764 ab
259 1700 329 1766 Illis
352 1701 489 1785 eriperes
512 1701 616 1765 verbis
638 1700 718 1764 mihi
739 1700 844 1765 sidera
865 1700 945 1765 caeli

301 1785 419 1850 Lucere
442 1789 475 1850 et
518 1807 591 1849 uras
612 1785 758 1850 fulminis
781 1806 849 1849 esse
871 1786 948 1849 vias.

261 1870 346 1946 Quin
368 1870 463 1933 etiam
508 1870 598 1934 ebus:
622 1874 656 1934 at
675 1891 742 1934 non
764 1891 824 1954 ego
846 1869 956 1933 fallere
979 1868 1089 1932 doctus

301 1954 363 2018 Ter
387 1953 478 2017 ebam
498 1957 643 2018 umentes
666 1953 810 2018 credulus
832 1974 930 2035 usque
952 1973 1061 2036 genas.

259 2038 342 2113 Quid
362 1975 493 2119 luciam,
516 2038 579 2101 nisi
601 2041 633 2102 el
653 2038 722 2120 ipse
735 2038 821 2101 fores
838 2038 873 2100 in
888 2057 995 2101 amore
1008 2035 1155 2120 puellae?

208 2134 243 2184 ιο
299 2120 362 2187 Sed
382 2140 495 2204 precor
517 2122 661 2204 exemplo
683 2121 727 2184 sit
747 2120 824 2184 levis
846 2121 904 2184 illa
923 2124 989 2184 luc.

260 2205 287 2271 Ο
310 2205 472 2288 quotiens,
494 2205 661 2269 verbisne
683 2205 851 2288 quisquam
873 2205 1019 2270 conscius
1041 2207 1134 2288 esset,

300 2289 373 2373 Ipse
396 2310 502 2354 comes
523 2289 626 2353 mulie
646 2290 769 2354 lumina
789 2293 884 2354 nocte
904 2289 979 2353 tuli!

125 2384 128 2389 ’
259 2373 359 2457 Saepe
380 2374 555 2471 insperanti
578 2373 667 2439 venit
687 2374 748 2438 tibi
768 2395 898 2439 munere
919 2376 1030 2438 nostro

299 2458 344 2523 Et
364 2454 464 2521 labml'
481 2459 602 2523 clausas
624 2462 699 2542 post
719 2457 871 2543 adoperta
891 2459 986 2523 fores.

208 2554 242 2605 45
258 2543 302 2626 A,
324 2543 421 2607 miser
442 2542 566 2627 interii,
588 2544 684 2608 stulte
707 2543 844 2608 confisus
866 2545 980 2607 amari:

300 2627 384 2692 Nam
406 2631 550 2710 poteram
571 2627 613 2691 ad
634 2628 763 2712 laqueos
786 2628 908 2692 cautior
929 2647 998 2692 esse
1020 2630 1101 2690 tuos.

259 2709 460 2786 Quinetiam
482 2712 749 2776 altonitalaudes
774 2712 833 2776 ribi
860 2714 965 2776 mente
988 2710 1155 2793 canebam,

300 2793 345 2857 Eb
364 2815 415 2857 me
438 2816 524 2858 nuno
545 2796 648 2858 nostri
669 2794 891 2878 Pieridumque
912 2794 1019 2878 pudet.

258 2876 321 2942 Illa
340 2878 437 2941 velim
458 2878 569 2961 rapida
590 2877 750 2943 Volcanus
772 2880 913 2943 earmina
934 2878 1062 2942 flamma

208 2973 243 3025 oo
299 2961 432 3025 Torreat
453 2965 486 3026 et
506 2961 626 3045 liquida
647 2963 751 3027 deleat
772 2964 874 3027 amnis
897 2983 987 3045 aqua.

258 3045 307 3110 Tu
328 3046 440 3129 procul
462 3045 537 3110 hinc
559 3046 659 3131 absis,
682 3048 733 3112 cui
750 3048 886 3112 formam
900 3047 1036 3112 vendere
1051 3051 1153 3112 curasl

300 3129 345 3194 Er
365 3130 503 3215 prelium
523 3131 619 3214 plena
640 3132 761 3216 grande
782 3133 900 3197 referre
920 3153 1027 3197 manu.

257 3216 303 3279 At
324 3218 371 3297 te,
395 3216 450 3298 qui
493 3236 604 3280 uorum
625 3215 717 3279 donis
740 3237 865 3281 cornum
889 3237 940 3281 ere
963 3238 996 3280 es
1018 3237 1129 3300 ausus,

301 3299 418 3364 Rideat
481 3299 580 3365 siduis
601 3322 682 3365 uxor
702 3301 804 3365 inulta
825 3239 920 3385 dolis,

208 3391 242 3445 55
257 3381 301 3446 Et
323 3404 394 3448 oum
414 3385 533 3448 furivo
555 3385 702 3449 iuvenem
724 3385 888 3451 lassaverit
908 3408 982 3469 usu,

301 3465 419 3531 Tecum
440 3469 628 3552 interposita
649 3470 802 3555 languida
822 3474 909 3535 veste
932 3471 1033 3535 cubel-

258 3549 391 3633 Semper
411 3552 477 3617 sini
498 3557 628 3618 exierna
649 3558 705 3619 tuo
727 3555 863 3638 vestigia
885 3555 983 3635 lecto,
